<?xml version="1.0" encoding="UTF-8"?>
<!DOCTYPE html PUBLIC "-//W3C//DTD XHTML 1.0 Transitional//EN"
    "http://www.w3.org/TR/xhtml1/DTD/xhtml1-transitional.dtd">
<html xmlns="http://www.w3.org/1999/xhtml" xml:lang="en" lang="en">
 <head>
  <title>
</title>
<meta http-equiv="Content-Type" content="text/html;charset=utf-8" />
  <meta name='ocr-system' content='tesseract 3.04.00' />
  <meta name='ocr-capabilities' content='ocr_page ocr_carea ocr_par ocr_line ocrx_word'/>
</head>
<body>
  <div class='ocr_page' id='page_1' title='image "./operumtomusprim01riccgoog/operumtomusprim01riccgoog_0172.png"; bbox 0 0 3034 4559; ppageno 0'>
   <div class='ocr_carea' id='block_1_1' title="bbox 187 470 1253 3961">
    <p class='ocr_par' dir='ltr' id='par_1_1' title="bbox 187 470 1253 3961">
     <span class='ocr_line' id='line_1_1' title="bbox 324 470 1004 537; baseline -0.01 0"><span class='ocrx_word' id='word_1_1' title='bbox 324 471 380 537; x_wconf 82' lang='lat'>186</span> <span class='ocrx_word' id='word_1_2' title='bbox 543 472 807 534; x_wconf 80' lang='lat' dir='ltr'><em>BARTHOL.</em></span> <span class='ocrx_word' id='word_1_3' title='bbox 839 470 1004 530; x_wconf 79' lang='lat' dir='ltr'>Riccli</span> 
     </span>
     <span class='ocr_line' id='line_1_2' title="bbox 279 544 1229 634; baseline -0.012 -18"><span class='ocrx_word' id='word_1_4' title='bbox 279 554 369 616; x_wconf 84' lang='lat' dir='ltr'>modo</span> <span class='ocrx_word' id='word_1_5' title='bbox 388 550 470 616; x_wconf 84' lang='lat' dir='ltr'>brevi</span> <span class='ocrx_word' id='word_1_6' title='bbox 491 551 613 633; x_wconf 70' lang='lat' dir='ltr'>egisset,</span> <span class='ocrx_word' id='word_1_7' title='bbox 635 551 671 613; x_wconf 86' lang='lat' dir='ltr'>ad</span> <span class='ocrx_word' id='word_1_8' title='bbox 693 552 819 634; x_wconf 68' lang='lat' dir='ltr'>iegatot</span> <span class='ocrx_word' id='word_1_9' title='bbox 840 547 1009 623; x_wconf 80' lang='lat' dir='ltr'>conversus,</span> <span class='ocrx_word' id='word_1_10' title='bbox 1025 559 1096 607; x_wconf 82' lang='lat' dir='ltr'>eum</span> <span class='ocrx_word' id='word_1_11' title='bbox 1117 544 1229 617; x_wconf 77' lang='lat' dir='ltr'>liberor,</span> 
     </span>
     <span class='ocr_line' id='line_1_3' title="bbox 281 623 1230 716; baseline -0.009 -22"><span class='ocrx_word' id='word_1_12' title='bbox 281 631 401 716; x_wconf 90' lang='lat' dir='ltr'>inquit,</span> <span class='ocrx_word' id='word_1_13' title='bbox 432 631 597 705; x_wconf 83' lang='lat' dir='ltr'>habebitis,</span> <span class='ocrx_word' id='word_1_14' title='bbox 625 647 689 693; x_wconf 86' lang='lat' dir='ltr'>turn</span> <span class='ocrx_word' id='word_1_15' title='bbox 710 633 765 693; x_wconf 86' lang='lat' dir='ltr'>hoc</span> <span class='ocrx_word' id='word_1_16' title='bbox 785 629 893 691; x_wconf 65' lang='lat' dir='ltr'>fastum</span> <span class='ocrx_word' id='word_1_17' title='bbox 915 648 1013 689; x_wconf 91' lang='lat' dir='ltr'>meum</span> <span class='ocrx_word' id='word_1_18' title='bbox 1031 626 1137 716; x_wconf 79' lang='lat' dir='ltr'>mirari</span> <span class='ocrx_word' id='word_1_19' title='bbox 1156 623 1230 714; x_wconf 62' lang='lat' dir='ltr'>rubia</span> 
     </span>
     <span class='ocr_line' id='line_1_4' title="bbox 279 704 1230 794; baseline -0.007 -20"><span class='ocrx_word' id='word_1_20' title='bbox 279 710 392 774; x_wconf 85' lang='lat' dir='ltr'><strong>licebit.</strong></span> <span class='ocrx_word' id='word_1_21' title='bbox 416 711 497 774; x_wconf 83' lang='lat' dir='ltr'>Idem</span> <span class='ocrx_word' id='word_1_22' title='bbox 520 712 677 774; x_wconf 87' lang='lat' dir='ltr'>Laurentio</span> <span class='ocrx_word' id='word_1_23' title='bbox 700 707 1126 791; x_wconf 80' lang='lat' dir='ltr'>Medicio[utnosdic1mua,</span> <span class='ocrx_word' id='word_1_24' title='bbox 1148 704 1230 794; x_wconf 72' lang='lat' dir='ltr'>utaiu</span> 
     </span>
     <span class='ocr_line' id='line_1_5' title="bbox 281 786 1233 874; baseline -0.014 -18"><span class='ocrx_word' id='word_1_25' title='bbox 281 790 429 874; x_wconf 66' lang='lat' dir='ltr'>Menios]</span> <span class='ocrx_word' id='word_1_26' title='bbox 444 789 567 852; x_wconf 80' lang='lat' dir='ltr'>evenisse</span> <span class='ocrx_word' id='word_1_27' title='bbox 574 788 686 854; x_wconf 81' lang='lat' dir='ltr'>ierunt.</span> <span class='ocrx_word' id='word_1_28' title='bbox 703 790 847 852; x_wconf 86' lang='lat' dir='ltr'>Hicenim</span> <span class='ocrx_word' id='word_1_29' title='bbox 856 787 1019 851; x_wconf 82' lang='lat' dir='ltr'>Florentini</span> <span class='ocrx_word' id='word_1_30' title='bbox 1027 786 1151 847; x_wconf 84' lang='lat' dir='ltr'>Senatus</span> <span class='ocrx_word' id='word_1_31' title='bbox 1162 787 1233 846; x_wconf 83' lang='lat' dir='ltr'>Pno-</span> 
     </span>
     <span class='ocr_line' id='line_1_6' title="bbox 280 864 1234 1007; baseline -0.009 -74"><span class='ocrx_word' id='word_1_32' title='bbox 280 890 369 953; x_wconf 82' lang='lat' dir='ltr'>ceps,</span> <span class='ocrx_word' id='word_1_33' title='bbox 390 886 479 952; x_wconf 80' lang='lat' dir='ltr'>atque</span> <span class='ocrx_word' id='word_1_34' title='bbox 507 870 537 931; x_wconf 91' lang='lat' dir='ltr'>in</span> <span class='ocrx_word' id='word_1_35' title='bbox 560 890 594 932; x_wconf 85' lang='lat' dir='ltr'>ea</span> <span class='ocrx_word' id='word_1_36' title='bbox 612 870 746 933; x_wconf 87' lang='lat' dir='ltr'>Civitare</span> <span class='ocrx_word' id='word_1_37' title='bbox 767 870 862 950; x_wconf 81' lang='lat' dir='ltr'>Regia</span> <span class='ocrx_word' id='word_1_38' title='bbox 882 864 1234 1007; x_wconf 55' lang='lat' dir='ltr'>auflontate‘ffilitm,</span> 
     </span>
     <span class='ocr_line' id='line_1_7' title="bbox 279 948 1234 1031; baseline -0.008 -18"><span class='ocrx_word' id='word_1_39' title='bbox 279 970 374 1025; x_wconf 87' lang='lat' dir='ltr'>cum,</span> <span class='ocrx_word' id='word_1_40' title='bbox 403 950 508 1012; x_wconf 78' lang='lat' dir='ltr'>Senatu</span> <span class='ocrx_word' id='word_1_41' title='bbox 536 949 573 1011; x_wconf 83' lang='lat' dir='ltr'>ad</span> <span class='ocrx_word' id='word_1_42' title='bbox 593 950 743 1031; x_wconf 82' lang='lat' dir='ltr'>vesperum</span> <span class='ocrx_word' id='word_1_43' title='bbox 771 948 908 1023; x_wconf 82' lang='lat' dir='ltr'>dimisso,</span> <span class='ocrx_word' id='word_1_44' title='bbox 935 966 1046 1028; x_wconf 85' lang='lat' dir='ltr'>magna</span> <span class='ocrx_word' id='word_1_45' title='bbox 1155 961 1234 1008; x_wconf 85' lang='lat' dir='ltr'>orum</span> 
     </span>
     <span class='ocr_line' id='line_1_8' title="bbox 277 1022 1232 1104; baseline -0.007 -12"><span class='ocrx_word' id='word_1_46' title='bbox 277 1050 369 1092; x_wconf 87' lang='lat' dir='ltr'>manu</span> <span class='ocrx_word' id='word_1_47' title='bbox 388 1030 545 1091; x_wconf 85' lang='lat' dir='ltr'>comitatus</span> <span class='ocrx_word' id='word_1_48' title='bbox 566 1031 598 1092; x_wconf 89' lang='lat' dir='ltr'>in</span> <span class='ocrx_word' id='word_1_49' title='bbox 617 1028 713 1092; x_wconf 85' lang='lat' dir='ltr'>forum</span> <span class='ocrx_word' id='word_1_50' title='bbox 736 1028 943 1104; x_wconf 76' lang='lat' dir='ltr'>descendisset,</span> <span class='ocrx_word' id='word_1_51' title='bbox 972 1025 1048 1088; x_wconf 81' lang='lat' dir='ltr'>sorte</span> <span class='ocrx_word' id='word_1_52' title='bbox 1068 1022 1107 1087; x_wconf 77' lang='lat' dir='ltr'>fir</span> <span class='ocrx_word' id='word_1_53' title='bbox 1126 1024 1232 1085; x_wconf 81' lang='lat' dir='ltr'>eitum</span> 
     </span>
     <span class='ocr_line' id='line_1_9' title="bbox 322 1102 1234 1200; baseline -0.005 -31"><span class='ocrx_word' id='word_1_54' title='bbox 322 1108 438 1200; x_wconf 77' lang='lat' dir='ltr'>dagogo</span> <span class='ocrx_word' id='word_1_55' title='bbox 466 1108 517 1170; x_wconf 96' lang='lat' dir='ltr'>suo</span> <span class='ocrx_word' id='word_1_56' title='bbox 538 1108 616 1172; x_wconf 85' lang='lat' dir='ltr'>filius</span> <span class='ocrx_word' id='word_1_57' title='bbox 643 1129 714 1191; x_wconf 90' lang='lat' dir='ltr'>puer</span> <span class='ocrx_word' id='word_1_58' title='bbox 734 1110 852 1171; x_wconf 85' lang='lat' dir='ltr'>obviam</span> <span class='ocrx_word' id='word_1_59' title='bbox 873 1154 883 1183; x_wconf 92' lang='lat'>,</span> <span class='ocrx_word' id='word_1_60' title='bbox 912 1106 963 1190; x_wconf 91' lang='lat' dir='ltr'>qui</span> <span class='ocrx_word' id='word_1_61' title='bbox 984 1124 1086 1167; x_wconf 75' lang='lat' dir='ltr'>avena</span> <span class='ocrx_word' id='word_1_62' title='bbox 1105 1102 1234 1186; x_wconf 82' lang='lat' dir='ltr'>stipulam</span> 
     </span>
     <span class='ocr_line' id='line_1_10' title="bbox 277 1128 1235 1330; baseline -0.008 -79"><span class='ocrx_word' id='word_1_63' title='bbox 277 1128 336 1329; x_wconf 51' lang='lat' dir='ltr'>sid</span> <span class='ocrx_word' id='word_1_64' title='bbox 358 1208 436 1251; x_wconf 81' lang='lat' dir='ltr'>enim</span> <span class='ocrx_word' id='word_1_65' title='bbox 459 1204 521 1252; x_wconf 89' lang='lat' dir='ltr'>erat</span> <span class='ocrx_word' id='word_1_66' title='bbox 542 1190 611 1252; x_wconf 89' lang='lat' dir='ltr'>anni</span> <span class='ocrx_word' id='word_1_67' title='bbox 632 1206 749 1270; x_wconf 82' lang='lat' dir='ltr'>tempus</span> <span class='ocrx_word' id='word_1_68' title='bbox 765 1189 842 1330; x_wconf 54' lang='lat' dir='ltr'>hex</span> <span class='ocrx_word' id='word_1_69' title='bbox 862 1208 921 1271; x_wconf 90' lang='lat' dir='ltr'>qua</span> <span class='ocrx_word' id='word_1_70' title='bbox 940 1185 990 1247; x_wconf 89' lang='lat' dir='ltr'>iibi</span> <span class='ocrx_word' id='word_1_71' title='bbox 1012 1183 1151 1248; x_wconf 79' lang='lat' dir='ltr'>ribiniam</span> <span class='ocrx_word' id='word_1_72' title='bbox 1174 1201 1235 1245; x_wconf 84' lang='lat' dir='ltr'>eon·</span> 
     </span>
     <span class='ocr_line' id='line_1_11' title="bbox 300 1264 1235 1352; baseline -0.005 -24"><span class='ocrx_word' id='word_1_73' title='bbox 300 1283 399 1344; x_wconf 80' lang='lat' dir='ltr'>cerer,</span> <span class='ocrx_word' id='word_1_74' title='bbox 427 1268 458 1330; x_wconf 90' lang='lat' dir='ltr'>in</span> <span class='ocrx_word' id='word_1_75' title='bbox 479 1289 569 1332; x_wconf 86' lang='lat' dir='ltr'>manu</span> <span class='ocrx_word' id='word_1_76' title='bbox 591 1268 735 1352; x_wconf 76' lang='lat' dir='ltr'>gestabat.</span> <span class='ocrx_word' id='word_1_77' title='bbox 794 1285 807 1330; x_wconf 90' lang='lat' dir='ltr'>r</span> <span class='ocrx_word' id='word_1_78' title='bbox 834 1284 944 1350; x_wconf 81' lang='lat' dir='ltr'>patrem</span> <span class='ocrx_word' id='word_1_79' title='bbox 965 1265 1042 1327; x_wconf 88' lang='lat' dir='ltr'>vidit</span> <span class='ocrx_word' id='word_1_80' title='bbox 1063 1309 1077 1340; x_wconf 93' lang='lat'>,</span> <span class='ocrx_word' id='word_1_81' title='bbox 1096 1264 1235 1326; x_wconf 87' lang='lat' dir='ltr'>continuo</span> 
     </span>
     <span class='ocr_line' id='line_1_12' title="bbox 276 1341 1235 1430; baseline -0.006 -22"><span class='ocrx_word' id='word_1_82' title='bbox 276 1367 345 1409; x_wconf 90' lang='lat' dir='ltr'>eum</span> <span class='ocrx_word' id='word_1_83' title='bbox 371 1364 484 1430; x_wconf 86' lang='lat' dir='ltr'>rogat,</span> <span class='ocrx_word' id='word_1_84' title='bbox 514 1365 547 1412; x_wconf 91' lang='lat' dir='ltr'>ut</span> <span class='ocrx_word' id='word_1_85' title='bbox 567 1349 680 1421; x_wconf 76' lang='lat' dir='ltr'>exejus</span> <span class='ocrx_word' id='word_1_86' title='bbox 701 1369 800 1411; x_wconf 86' lang='lat' dir='ltr'>avenae</span> <span class='ocrx_word' id='word_1_87' title='bbox 821 1348 935 1409; x_wconf 87' lang='lat' dir='ltr'>calamo</span> <span class='ocrx_word' id='word_1_88' title='bbox 955 1344 1060 1409; x_wconf 87' lang='lat' dir='ltr'>tibiam</span> <span class='ocrx_word' id='word_1_89' title='bbox 1082 1344 1134 1405; x_wconf 86' lang='lat' dir='ltr'>fibi</span> <span class='ocrx_word' id='word_1_90' title='bbox 1154 1341 1235 1404; x_wconf 68' lang='lat' dir='ltr'>conse</span> 
     </span>
     <span class='ocr_line' id='line_1_13' title="bbox 277 1422 1236 1506; baseline -0.006 -17"><span class='ocrx_word' id='word_1_91' title='bbox 277 1427 350 1490; x_wconf 83' lang='lat' dir='ltr'>ciat.</span> <span class='ocrx_word' id='word_1_92' title='bbox 372 1429 481 1502; x_wconf 88' lang='lat' dir='ltr'>Pater,</span> <span class='ocrx_word' id='word_1_93' title='bbox 511 1445 544 1491; x_wconf 91' lang='lat' dir='ltr'>ut</span> <span class='ocrx_word' id='word_1_94' title='bbox 563 1445 627 1492; x_wconf 89' lang='lat' dir='ltr'>erat</span> <span class='ocrx_word' id='word_1_95' title='bbox 647 1430 773 1493; x_wconf 84' lang='lat' dir='ltr'>urbanus</span> <span class='ocrx_word' id='word_1_96' title='bbox 794 1430 896 1491; x_wconf 86' lang='lat' dir='ltr'>Prince</span> <span class='ocrx_word' id='word_1_97' title='bbox 943 1471 953 1501; x_wconf 90' lang='lat'>‚</span> <span class='ocrx_word' id='word_1_98' title='bbox 984 1440 1103 1505; x_wconf 88' lang='lat' dir='ltr'>arrepto</span> <span class='ocrx_word' id='word_1_99' title='bbox 1131 1422 1236 1506; x_wconf 79' lang='lat' dir='ltr'>gladio·</span> 
     </span>
     <span class='ocr_line' id='line_1_14' title="bbox 276 1502 1251 1591; baseline -0.005 -23"><span class='ocrx_word' id='word_1_100' title='bbox 276 1506 332 1583; x_wconf 86' lang='lat' dir='ltr'>lo,</span> <span class='ocrx_word' id='word_1_101' title='bbox 354 1527 419 1569; x_wconf 89' lang='lat' dir='ltr'>eam</span> <span class='ocrx_word' id='word_1_102' title='bbox 440 1508 486 1571; x_wconf 91' lang='lat' dir='ltr'>illi</span> <span class='ocrx_word' id='word_1_103' title='bbox 503 1508 667 1571; x_wconf 68' lang='lat' dir='ltr'>confestam</span> <span class='ocrx_word' id='word_1_104' title='bbox 689 1509 719 1570; x_wconf 90' lang='lat' dir='ltr'>in</span> <span class='ocrx_word' id='word_1_105' title='bbox 742 1528 862 1570; x_wconf 88' lang='lat' dir='ltr'>manum</span> <span class='ocrx_word' id='word_1_106' title='bbox 903 1522 957 1579; x_wconf 85' lang='lat' dir='ltr'>at,</span> <span class='ocrx_word' id='word_1_107' title='bbox 975 1523 1108 1588; x_wconf 85' lang='lat' dir='ltr'>eumque</span> <span class='ocrx_word' id='word_1_108' title='bbox 1126 1502 1251 1591; x_wconf 77' lang='lat' dir='ltr'>exoscu·</span> 
     </span>
     <span class='ocr_line' id='line_1_15' title="bbox 277 1580 1233 1666; baseline -0.004 -20"><span class='ocrx_word' id='word_1_109' title='bbox 277 1584 371 1649; x_wconf 87' lang='lat' dir='ltr'>latum</span> <span class='ocrx_word' id='word_1_110' title='bbox 399 1587 522 1649; x_wconf 86' lang='lat' dir='ltr'>dimisit.</span> <span class='ocrx_word' id='word_1_111' title='bbox 549 1589 638 1665; x_wconf 92' lang='lat' dir='ltr'>Quod</span> <span class='ocrx_word' id='word_1_112' title='bbox 666 1586 776 1650; x_wconf 73' lang='lat' dir='ltr'>fartum</span> <span class='ocrx_word' id='word_1_113' title='bbox 805 1588 890 1649; x_wconf 89' lang='lat' dir='ltr'>suum</span> <span class='ocrx_word' id='word_1_114' title='bbox 919 1584 1059 1666; x_wconf 73' lang='lat' dir='ltr'>perfacete</span> <span class='ocrx_word' id='word_1_115' title='bbox 1085 1603 1158 1645; x_wconf 82' lang='lat' dir='ltr'>cum</span> <span class='ocrx_word' id='word_1_116' title='bbox 1182 1580 1233 1642; x_wconf 77' lang='lat' dir='ltr'>suit</span> 
     </span>
     <span class='ocr_line' id='line_1_16' title="bbox 276 1660 1234 1749; baseline -0.006 -21"><span class='ocrx_word' id='word_1_117' title='bbox 276 1665 407 1749; x_wconf 76' lang='lat' dir='ltr'>collegis</span> <span class='ocrx_word' id='word_1_118' title='bbox 425 1667 464 1727; x_wconf 86' lang='lat' dir='ltr'>ad</span> <span class='ocrx_word' id='word_1_119' title='bbox 484 1668 562 1729; x_wconf 87' lang='lat' dir='ltr'>hunc</span> <span class='ocrx_word' id='word_1_120' title='bbox 583 1669 704 1733; x_wconf 90' lang='lat' dir='ltr'>modum</span> <span class='ocrx_word' id='word_1_121' title='bbox 768 1669 825 1730; x_wconf 82' lang='lat' dir='ltr'>siea</span> <span class='ocrx_word' id='word_1_122' title='bbox 844 1665 1018 1727; x_wconf 84' lang='lat' dir='ltr'>excusavit..</span> <span class='ocrx_word' id='word_1_123' title='bbox 1032 1660 1234 1725; x_wconf 72' lang='lat' dir='ltr'>Peroommode</span> 
     </span>
     <span class='ocr_line' id='line_1_17' title="bbox 275 1741 1253 1831; baseline -0.004 -25"><span class='ocrx_word' id='word_1_124' title='bbox 275 1744 360 1807; x_wconf 77' lang='lat' dir='ltr'>nobis</span> <span class='ocrx_word' id='word_1_125' title='bbox 378 1745 510 1822; x_wconf 86' lang='lat' dir='ltr'>accidit,</span> <span class='ocrx_word' id='word_1_126' title='bbox 531 1748 653 1831; x_wconf 90' lang='lat' dir='ltr'>inquit,</span> <span class='ocrx_word' id='word_1_127' title='bbox 672 1748 730 1809; x_wconf 87' lang='lat' dir='ltr'>Col</span> <span class='ocrx_word' id='word_1_128' title='bbox 743 1767 819 1828; x_wconf 78' lang='lat' dir='ltr'>ega,</span> <span class='ocrx_word' id='word_1_129' title='bbox 836 1745 916 1829; x_wconf 85' lang='lat' dir='ltr'>quod</span> <span class='ocrx_word' id='word_1_130' title='bbox 937 1744 1039 1806; x_wconf 88' lang='lat' dir='ltr'>tibiam</span> <span class='ocrx_word' id='word_1_131' title='bbox 1061 1762 1104 1826; x_wconf 93' lang='lat' dir='ltr'>qu</span> <span class='ocrx_word' id='word_1_132' title='bbox 1146 1763 1182 1803; x_wconf 84' lang='lat' dir='ltr'>ue</span> <span class='ocrx_word' id='word_1_133' title='bbox 1198 1741 1253 1802; x_wconf 71' lang='lat' dir='ltr'>in·</span> 
     </span>
     <span class='ocr_line' id='line_1_18' title="bbox 279 1822 1245 1909; baseline -0.002 -26"><span class='ocrx_word' id='word_1_134' title='bbox 279 1823 348 1884; x_wconf 87' lang='lat' dir='ltr'>flare</span> <span class='ocrx_word' id='word_1_135' title='bbox 376 1846 436 1886; x_wconf 92' lang='lat' dir='ltr'>non</span> <span class='ocrx_word' id='word_1_136' title='bbox 456 1826 557 1894; x_wconf 79' lang='lat' dir='ltr'>jussit:</span> <span class='ocrx_word' id='word_1_137' title='bbox 584 1846 655 1888; x_wconf 91' lang='lat' dir='ltr'>nam</span> <span class='ocrx_word' id='word_1_138' title='bbox 678 1827 708 1888; x_wconf 91' lang='lat' dir='ltr'>id</span> <span class='ocrx_word' id='word_1_139' title='bbox 727 1845 845 1909; x_wconf 91' lang='lat' dir='ltr'>quoque</span> <span class='ocrx_word' id='word_1_140' title='bbox 875 1827 923 1887; x_wconf 89' lang='lat' dir='ltr'>hic</span> <span class='ocrx_word' id='word_1_141' title='bbox 945 1822 1109 1886; x_wconf 86' lang='lat' dir='ltr'>faciendum</span> <span class='ocrx_word' id='word_1_142' title='bbox 1144 1822 1245 1883; x_wconf 56' lang='lat' dir='ltr'>uiuet„</span> 
     </span>
     <span class='ocr_line' id='line_1_19' title="bbox 276 1903 1234 1977; baseline -0.003 -15"><span class='ocrx_word' id='word_1_143' title='bbox 276 1903 377 1964; x_wconf 87' lang='lat' dir='ltr'>Tanta</span> <span class='ocrx_word' id='word_1_144' title='bbox 404 1906 449 1965; x_wconf 89' lang='lat' dir='ltr'>vis</span> <span class='ocrx_word' id='word_1_145' title='bbox 470 1904 616 1966; x_wconf 89' lang='lat' dir='ltr'>interdurn</span> <span class='ocrx_word' id='word_1_146' title='bbox 645 1905 685 1965; x_wconf 90' lang='lat' dir='ltr'>est</span> <span class='ocrx_word' id='word_1_147' title='bbox 705 1905 821 1975; x_wconf 83' lang='lat' dir='ltr'>hujusce</span> <span class='ocrx_word' id='word_1_148' title='bbox 840 1905 1044 1977; x_wconf 81' lang='lat' dir='ltr'>conditionis,</span> <span class='ocrx_word' id='word_1_149' title='bbox 1071 1919 1108 1965; x_wconf 91' lang='lat' dir='ltr'>ut</span> <span class='ocrx_word' id='word_1_150' title='bbox 1128 1903 1234 1964; x_wconf 88' lang='lat' dir='ltr'>summa</span> 
     </span>
     <span class='ocr_line' id='line_1_20' title="bbox 276 1982 1234 2120; baseline -0.002 -77"><span class='ocrx_word' id='word_1_151' title='bbox 276 1982 413 2059; x_wconf 74' lang='lat' dir='ltr'>utilitas,</span> <span class='ocrx_word' id='word_1_152' title='bbox 439 2003 506 2066; x_wconf 80' lang='lat' dir='ltr'>qua</span> <span class='ocrx_word' id='word_1_153' title='bbox 526 1984 557 2044; x_wconf 92' lang='lat' dir='ltr'>in</span> <span class='ocrx_word' id='word_1_154' title='bbox 580 1985 716 2046; x_wconf 81' lang='lat' dir='ltr'>omnibus</span> <span class='ocrx_word' id='word_1_155' title='bbox 743 1984 828 2048; x_wconf 87' lang='lat' dir='ltr'>rebus</span> <span class='ocrx_word' id='word_1_156' title='bbox 848 1985 975 2046; x_wconf 83' lang='lat' dir='ltr'>maxime</span> <span class='ocrx_word' id='word_1_157' title='bbox 998 1984 1109 2057; x_wconf 86' lang='lat' dir='ltr'>vaiet,</span> <span class='ocrx_word' id='word_1_158' title='bbox 1138 1982 1171 2045; x_wconf 90' lang='lat' dir='ltr'>in</span> <span class='ocrx_word' id='word_1_159' title='bbox 1189 1997 1234 2120; x_wconf 76' lang='lat' dir='ltr'>pu·</span> 
     </span>
     <span class='ocr_line' id='line_1_21' title="bbox 275 2060 1234 2147; baseline -0.002 -24"><span class='ocrx_word' id='word_1_160' title='bbox 275 2060 357 2124; x_wconf 84' lang='lat' dir='ltr'><strong>blicis</strong></span> <span class='ocrx_word' id='word_1_161' title='bbox 378 2080 477 2125; x_wconf 87' lang='lat' dir='ltr'>autern</span> <span class='ocrx_word' id='word_1_162' title='bbox 498 2063 561 2125; x_wconf 81' lang='lat' dir='ltr'>iola</span> <span class='ocrx_word' id='word_1_163' title='bbox 578 2063 745 2146; x_wconf 71' lang='lat' dir='ltr'>spesiatur,</span> <span class='ocrx_word' id='word_1_164' title='bbox 765 2065 904 2147; x_wconf 85' lang='lat' dir='ltr'>quoniam</span> <span class='ocrx_word' id='word_1_165' title='bbox 921 2063 957 2125; x_wconf 92' lang='lat' dir='ltr'>ab</span> <span class='ocrx_word' id='word_1_166' title='bbox 978 2060 1173 2144; x_wconf 79' lang='lat' dir='ltr'>impurissimo</span> <span class='ocrx_word' id='word_1_167' title='bbox 1209 2080 1234 2120; x_wconf 91' lang='lat' dir='ltr'>o·</span> 
     </span>
     <span class='ocr_line' id='line_1_22' title="bbox 276 2141 1234 2283; baseline -0.003 -80"><span class='ocrx_word' id='word_1_168' title='bbox 276 2143 356 2205; x_wconf 88' lang='lat' dir='ltr'>mine</span> <span class='ocrx_word' id='word_1_169' title='bbox 375 2143 514 2218; x_wconf 85' lang='lat' dir='ltr'>veniret,</span> <span class='ocrx_word' id='word_1_170' title='bbox 533 2160 703 2227; x_wconf 87' lang='lat' dir='ltr'>contempta</span> <span class='ocrx_word' id='word_1_171' title='bbox 722 2146 773 2208; x_wconf 79' lang='lat' dir='ltr'>sit.</span> <span class='ocrx_word' id='word_1_172' title='bbox 804 2145 1011 2206; x_wconf 81' lang='lat' dir='ltr'>Lacedaemone</span> <span class='ocrx_word' id='word_1_173' title='bbox 1030 2141 1192 2283; x_wconf 70' lang='lat' dir='ltr'>aiipuando</span> <span class='ocrx_word' id='word_1_174' title='bbox 1209 2141 1234 2200; x_wconf 90' lang='lat' dir='ltr'>iu</span> 
     </span>
     <span class='ocr_line' id='line_1_23' title="bbox 272 2219 1235 2307; baseline -0.001 -24"><span class='ocrx_word' id='word_1_175' title='bbox 272 2221 385 2284; x_wconf 77' lang='lat' dir='ltr'>Senatu</span> <span class='ocrx_word' id='word_1_176' title='bbox 403 2243 421 2284; x_wconf 92' lang='lat' dir='ltr'>a</span> <span class='ocrx_word' id='word_1_177' title='bbox 441 2223 568 2306; x_wconf 87' lang='lat' dir='ltr'>quodam</span> <span class='ocrx_word' id='word_1_178' title='bbox 588 2224 682 2301; x_wconf 83' lang='lat' dir='ltr'><strong>Cive,</strong></span> <span class='ocrx_word' id='word_1_179' title='bbox 709 2224 761 2307; x_wconf 93' lang='lat' dir='ltr'>qui</span> <span class='ocrx_word' id='word_1_180' title='bbox 783 2224 819 2286; x_wconf 92' lang='lat' dir='ltr'>ab</span> <span class='ocrx_word' id='word_1_181' title='bbox 841 2224 973 2286; x_wconf 85' lang='lat' dir='ltr'>universo</span> <span class='ocrx_word' id='word_1_182' title='bbox 993 2242 1105 2303; x_wconf 90' lang='lat' dir='ltr'>popuo</span> <span class='ocrx_word' id='word_1_183' title='bbox 1163 2219 1235 2283; x_wconf 81' lang='lat' dir='ltr'>ssime</span> 
     </span>
     <span class='ocr_line' id='line_1_24' title="bbox 272 2241 1231 2387; baseline -0.004 -25"><span class='ocrx_word' id='word_1_184' title='bbox 272 2302 432 2380; x_wconf 79' lang='lat' dir='ltr'>audiebat,</span> <span class='ocrx_word' id='word_1_185' title='bbox 460 2324 494 2365; x_wconf 87' lang='lat' dir='ltr'>ea</span> <span class='ocrx_word' id='word_1_186' title='bbox 514 2303 654 2368; x_wconf 87' lang='lat' dir='ltr'>sententia</span> <span class='ocrx_word' id='word_1_187' title='bbox 681 2304 721 2367; x_wconf 86' lang='lat' dir='ltr'>est</span> <span class='ocrx_word' id='word_1_188' title='bbox 741 2305 848 2379; x_wconf 69' lang='lat' dir='ltr'>dicta,</span> <span class='ocrx_word' id='word_1_189' title='bbox 874 2324 940 2387; x_wconf 76' lang='lat' dir='ltr'>que</span> <span class='ocrx_word' id='word_1_190' title='bbox 971 2303 1064 2383; x_wconf 84' lang='lat' dir='ltr'>magis</span> <span class='ocrx_word' id='word_1_191' title='bbox 1089 2323 1105 2365; x_wconf 88' lang='lat' dir='ltr'>e</span> <span class='ocrx_word' id='word_1_192' title='bbox 1125 2241 1231 2382; x_wconf 51' lang='lat' dir='ltr'>{epub</span> 
     </span>
     <span class='ocr_line' id='line_1_25' title="bbox 276 2382 1233 2465; baseline -0.001 -23"><span class='ocrx_word' id='word_1_193' title='bbox 276 2382 327 2443; x_wconf 80' lang='lat' dir='ltr'>eise</span> <span class='ocrx_word' id='word_1_194' title='bbox 348 2403 406 2445; x_wconf 91' lang='lat' dir='ltr'>non</span> <span class='ocrx_word' id='word_1_195' title='bbox 428 2400 543 2465; x_wconf 89' lang='lat' dir='ltr'>poterat</span> <span class='ocrx_word' id='word_1_196' title='bbox 564 2406 573 2455; x_wconf 83' lang='lat'>3</span> <span class='ocrx_word' id='word_1_197' title='bbox 593 2385 640 2447; x_wconf 91' lang='lat' dir='ltr'>sed</span> <span class='ocrx_word' id='word_1_198' title='bbox 658 2385 721 2455; x_wconf 80' lang='lat' dir='ltr'>ejus</span> <span class='ocrx_word' id='word_1_199' title='bbox 742 2383 930 2446; x_wconf 66' lang='lat' dir='ltr'>sanfliffimus</span> <span class='ocrx_word' id='word_1_200' title='bbox 953 2384 1074 2445; x_wconf 84' lang='lat' dir='ltr'>Senatus</span> <span class='ocrx_word' id='word_1_201' title='bbox 1094 2382 1185 2465; x_wconf 87' lang='lat' dir='ltr'>usque</span> <span class='ocrx_word' id='word_1_202' title='bbox 1203 2400 1233 2441; x_wconf 87' lang='lat' dir='ltr'>eo</span> 
     </span>
     <span class='ocr_line' id='line_1_26' title="bbox 274 2458 1232 2543; baseline -0.003 -21"><span class='ocrx_word' id='word_1_203' title='bbox 274 2458 452 2524; x_wconf 84' lang='lat' dir='ltr'>honestatem</span> <span class='ocrx_word' id='word_1_204' title='bbox 483 2464 601 2539; x_wconf 88' lang='lat' dir='ltr'>coluit,</span> <span class='ocrx_word' id='word_1_205' title='bbox 629 2483 663 2526; x_wconf 91' lang='lat' dir='ltr'>ut</span> <span class='ocrx_word' id='word_1_206' title='bbox 684 2485 747 2526; x_wconf 90' lang='lat' dir='ltr'>eam</span> <span class='ocrx_word' id='word_1_207' title='bbox 770 2464 977 2530; x_wconf 79' lang='lat' dir='ltr'>diffimuiarit3</span> <span class='ocrx_word' id='word_1_208' title='bbox 1005 2460 1146 2543; x_wconf 82' lang='lat' dir='ltr'>postridie</span> <span class='ocrx_word' id='word_1_209' title='bbox 1168 2479 1232 2522; x_wconf 85' lang='lat' dir='ltr'>vero</span> 
     </span>
     <span class='ocr_line' id='line_1_27' title="bbox 274 2540 1232 2624; baseline 0 -25"><span class='ocrx_word' id='word_1_210' title='bbox 274 2541 411 2615; x_wconf 85' lang='lat' dir='ltr'>curavit,</span> <span class='ocrx_word' id='word_1_211' title='bbox 434 2560 467 2605; x_wconf 88' lang='lat' dir='ltr'>ut</span> <span class='ocrx_word' id='word_1_212' title='bbox 488 2543 585 2603; x_wconf 86' lang='lat' dir='ltr'>eadem</span> <span class='ocrx_word' id='word_1_213' title='bbox 606 2588 615 2618; x_wconf 96' lang='lat'>,</span> <span class='ocrx_word' id='word_1_214' title='bbox 645 2544 692 2605; x_wconf 90' lang='lat' dir='ltr'>sed</span> <span class='ocrx_word' id='word_1_215' title='bbox 713 2566 730 2605; x_wconf 87' lang='lat' dir='ltr'>a</span> <span class='ocrx_word' id='word_1_216' title='bbox 750 2542 947 2624; x_wconf 80' lang='lat' dir='ltr'>probatiffimo</span> <span class='ocrx_word' id='word_1_217' title='bbox 968 2542 1043 2602; x_wconf 87' lang='lat' dir='ltr'>Viro</span> <span class='ocrx_word' id='word_1_218' title='bbox 1063 2540 1232 2608; x_wconf 83' lang='lat' dir='ltr'>referretur3</span> 
     </span>
     <span class='ocr_line' id='line_1_28' title="bbox 271 2616 1231 2700; baseline -0.003 -20"><span class='ocrx_word' id='word_1_219' title='bbox 271 2639 332 2700; x_wconf 91' lang='lat' dir='ltr'>quo</span> <span class='ocrx_word' id='word_1_220' title='bbox 353 2619 445 2697; x_wconf 79' lang='lat' dir='ltr'>fauo,</span> <span class='ocrx_word' id='word_1_221' title='bbox 463 2621 499 2682; x_wconf 93' lang='lat' dir='ltr'>ab</span> <span class='ocrx_word' id='word_1_222' title='bbox 520 2622 654 2684; x_wconf 85' lang='lat' dir='ltr'>omnibus</span> <span class='ocrx_word' id='word_1_223' title='bbox 675 2624 707 2684; x_wconf 89' lang='lat' dir='ltr'>in</span> <span class='ocrx_word' id='word_1_224' title='bbox 729 2644 793 2684; x_wconf 90' lang='lat' dir='ltr'>eam</span> <span class='ocrx_word' id='word_1_225' title='bbox 817 2624 891 2685; x_wconf 90' lang='lat' dir='ltr'>irum</span> <span class='ocrx_word' id='word_1_226' title='bbox 910 2622 948 2683; x_wconf 87' lang='lat' dir='ltr'>est</span> <span class='ocrx_word' id='word_1_227' title='bbox 971 2621 1164 2682; x_wconf 89' lang='lat' dir='ltr'>sententiam.</span> <span class='ocrx_word' id='word_1_228' title='bbox 1184 2616 1231 2681; x_wconf 85' lang='lat' dir='ltr'>Sed</span> 
     </span>
     <span class='ocr_line' id='line_1_29' title="bbox 273 2699 1232 2781; baseline 0.001 -23"><span class='ocrx_word' id='word_1_229' title='bbox 273 2699 361 2759; x_wconf 89' lang='lat' dir='ltr'>hodie</span> <span class='ocrx_word' id='word_1_230' title='bbox 381 2700 494 2761; x_wconf 90' lang='lat' dir='ltr'>dicendi</span> <span class='ocrx_word' id='word_1_231' title='bbox 515 2701 602 2761; x_wconf 87' lang='lat' dir='ltr'>finem</span> <span class='ocrx_word' id='word_1_232' title='bbox 623 2724 683 2764; x_wconf 91' lang='lat' dir='ltr'>non</span> <span class='ocrx_word' id='word_1_233' title='bbox 703 2700 837 2778; x_wconf 84' lang='lat' dir='ltr'>faciam,</span> <span class='ocrx_word' id='word_1_234' title='bbox 864 2703 885 2763; x_wconf 90' lang='lat' dir='ltr'>s1</span> <span class='ocrx_word' id='word_1_235' title='bbox 926 2721 968 2763; x_wconf 85' lang='lat' dir='ltr'>uae</span> <span class='ocrx_word' id='word_1_236' title='bbox 989 2701 1025 2762; x_wconf 89' lang='lat' dir='ltr'>ad</span> <span class='ocrx_word' id='word_1_237' title='bbox 1047 2700 1134 2769; x_wconf 82' lang='lat' dir='ltr'>hujus</span> <span class='ocrx_word' id='word_1_238' title='bbox 1155 2719 1232 2781; x_wconf 86' lang='lat' dir='ltr'>gene·</span> 
     </span>
     <span class='ocr_line' id='line_1_30' title="bbox 274 2722 1232 2862; baseline 0.001 -24"><span class='ocrx_word' id='word_1_239' title='bbox 274 2777 313 2838; x_wconf 86' lang='lat' dir='ltr'>ris</span> <span class='ocrx_word' id='word_1_240' title='bbox 333 2779 531 2839; x_wconf 87' lang='lat' dir='ltr'>conditionem</span> <span class='ocrx_word' id='word_1_241' title='bbox 553 2781 716 2860; x_wconf 84' lang='lat' dir='ltr'>pertinent,</span> <span class='ocrx_word' id='word_1_242' title='bbox 733 2782 834 2842; x_wconf 87' lang='lat' dir='ltr'>omnia</span> <span class='ocrx_word' id='word_1_243' title='bbox 853 2722 983 2862; x_wconf 67' lang='lat' dir='ltr'>periequi</span> <span class='ocrx_word' id='word_1_244' title='bbox 1003 2780 1144 2842; x_wconf 82' lang='lat' dir='ltr'>voluero.</span> <span class='ocrx_word' id='word_1_245' title='bbox 1160 2784 1232 2855; x_wconf 89' lang='lat' dir='ltr'>Qua·</span> 
     </span>
     <span class='ocr_line' id='line_1_31' title="bbox 273 2856 1231 2948; baseline 0.001 -32"><span class='ocrx_word' id='word_1_246' title='bbox 273 2857 359 2917; x_wconf 86' lang='lat' dir='ltr'>read</span> <span class='ocrx_word' id='word_1_247' title='bbox 383 2856 437 2931; x_wconf 95' lang='lat' dir='ltr'>id,</span> <span class='ocrx_word' id='word_1_248' title='bbox 457 2858 535 2948; x_wconf 83' lang='lat' dir='ltr'>quod</span> <span class='ocrx_word' id='word_1_249' title='bbox 557 2859 644 2921; x_wconf 89' lang='lat' dir='ltr'>initio</span> <span class='ocrx_word' id='word_1_250' title='bbox 664 2860 893 2941; x_wconf 85' lang='lat' dir='ltr'>proposueram,</span> <span class='ocrx_word' id='word_1_251' title='bbox 914 2861 1014 2935; x_wconf 87' lang='lat' dir='ltr'>redeo,</span> <span class='ocrx_word' id='word_1_252' title='bbox 1030 2875 1118 2942; x_wconf 90' lang='lat' dir='ltr'>atque</span> <span class='ocrx_word' id='word_1_253' title='bbox 1142 2877 1231 2941; x_wconf 85' lang='lat' dir='ltr'>mean</span> 
     </span>
     <span class='ocr_line' id='line_1_32' title="bbox 272 2935 1233 3022; baseline 0.004 -27"><span class='ocrx_word' id='word_1_254' title='bbox 272 2935 443 2998; x_wconf 86' lang='lat' dir='ltr'>sententiam</span> <span class='ocrx_word' id='word_1_255' title='bbox 473 2954 515 2999; x_wconf 82' lang='lat' dir='ltr'>ita</span> <span class='ocrx_word' id='word_1_256' title='bbox 535 2938 701 3011; x_wconf 81' lang='lat' dir='ltr'>conclud03</span> <span class='ocrx_word' id='word_1_257' title='bbox 731 2957 790 3014; x_wconf 93' lang='lat' dir='ltr'>ut,</span> <span class='ocrx_word' id='word_1_258' title='bbox 818 2941 869 3022; x_wconf 90' lang='lat' dir='ltr'>qui</span> <span class='ocrx_word' id='word_1_259' title='bbox 889 2939 963 3002; x_wconf 68' lang='lat' dir='ltr'>reeie</span> <span class='ocrx_word' id='word_1_260' title='bbox 993 2941 1118 3010; x_wconf 86' lang='lat' dir='ltr'>judicare</span> <span class='ocrx_word' id='word_1_261' title='bbox 1139 2940 1233 3001; x_wconf 85' lang='lat' dir='ltr'>volue-</span> 
     </span>
     <span class='ocr_line' id='line_1_33' title="bbox 272 3015 1231 3109; baseline 0.001 -33"><span class='ocrx_word' id='word_1_262' title='bbox 272 3015 337 3091; x_wconf 87' lang='lat' dir='ltr'>rit,</span> <span class='ocrx_word' id='word_1_263' title='bbox 352 3016 383 3109; x_wconf 27' lang='lat' dir='ltr'>‘ir&#39;</span> <span class='ocrx_word' id='word_1_264' title='bbox 403 3018 463 3088; x_wconf 87' lang='lat' dir='ltr'>ejus</span> <span class='ocrx_word' id='word_1_265' title='bbox 483 3019 524 3080; x_wconf 91' lang='lat' dir='ltr'>rei</span> <span class='ocrx_word' id='word_1_266' title='bbox 541 3063 551 3095; x_wconf 93' lang='lat'>,</span> <span class='ocrx_word' id='word_1_267' title='bbox 571 3018 606 3081; x_wconf 92' lang='lat' dir='ltr'>de</span> <span class='ocrx_word' id='word_1_268' title='bbox 629 3040 687 3103; x_wconf 89' lang='lat' dir='ltr'>qua</span> <span class='ocrx_word' id='word_1_269' title='bbox 712 3021 861 3093; x_wconf 84' lang='lat' dir='ltr'>Judiciurn</span> <span class='ocrx_word' id='word_1_270' title='bbox 885 3021 917 3082; x_wconf 84' lang='lat' dir='ltr'>srt</span> <span class='ocrx_word' id='word_1_271' title='bbox 939 3020 1065 3081; x_wconf 68' lang='lat' dir='ltr'>sarbarus</span> <span class='ocrx_word' id='word_1_272' title='bbox 1086 3066 1095 3096; x_wconf 92' lang='lat'>,</span> <span class='ocrx_word' id='word_1_273' title='bbox 1117 3036 1231 3081; x_wconf 86' lang='lat' dir='ltr'>ornnem</span> 
     </span>
     <span class='ocr_line' id='line_1_34' title="bbox 269 3100 1229 3184; baseline 0 -26"><span class='ocrx_word' id='word_1_274' title='bbox 269 3112 472 3179; x_wconf 79' lang='lat' dir='ltr'>cognitionem</span> <span class='ocrx_word' id='word_1_275' title='bbox 494 3100 604 3181; x_wconf 88' lang='lat' dir='ltr'>optime</span> <span class='ocrx_word' id='word_1_276' title='bbox 629 3117 754 3178; x_wconf 86' lang='lat' dir='ltr'>teneat,</span> <span class='ocrx_word' id='word_1_277' title='bbox 783 3118 870 3184; x_wconf 88' lang='lat' dir='ltr'>atque</span> <span class='ocrx_word' id='word_1_278' title='bbox 892 3101 923 3162; x_wconf 90' lang='lat' dir='ltr'>in</span> <span class='ocrx_word' id='word_1_279' title='bbox 944 3122 977 3161; x_wconf 92' lang='lat' dir='ltr'>ea</span> <span class='ocrx_word' id='word_1_280' title='bbox 996 3120 1078 3182; x_wconf 77' lang='lat' dir='ltr'>aque</span> <span class='ocrx_word' id='word_1_281' title='bbox 1099 3102 1229 3162; x_wconf 86' lang='lat' dir='ltr'>exercita·</span> 
     </span>
     <span class='ocr_line' id='line_1_35' title="bbox 273 3177 1231 3264; baseline -0.001 -24"><span class='ocrx_word' id='word_1_282' title='bbox 273 3193 320 3240; x_wconf 90' lang='lat' dir='ltr'>tus</span> <span class='ocrx_word' id='word_1_283' title='bbox 341 3177 373 3239; x_wconf 82' lang='lat' dir='ltr'>fit</span> <span class='ocrx_word' id='word_1_284' title='bbox 389 3223 398 3253; x_wconf 94' lang='lat'>,</span> <span class='ocrx_word' id='word_1_285' title='bbox 415 3196 565 3260; x_wconf 86' lang='lat' dir='ltr'>oportere.</span> <span class='ocrx_word' id='word_1_286' title='bbox 595 3181 667 3241; x_wconf 77' lang='lat' dir='ltr'>Hac</span> <span class='ocrx_word' id='word_1_287' title='bbox 688 3203 758 3244; x_wconf 90' lang='lat' dir='ltr'>vero</span> <span class='ocrx_word' id='word_1_288' title='bbox 779 3182 919 3264; x_wconf 90' lang='lat' dir='ltr'>quoniam</span> <span class='ocrx_word' id='word_1_289' title='bbox 949 3181 1121 3263; x_wconf 91' lang='lat' dir='ltr'>plerumque</span> <span class='ocrx_word' id='word_1_290' title='bbox 1143 3182 1174 3241; x_wconf 88' lang='lat' dir='ltr'>in</span> <span class='ocrx_word' id='word_1_291' title='bbox 1195 3178 1231 3239; x_wconf 89' lang='lat' dir='ltr'>lo·</span> 
     </span>
     <span class='ocr_line' id='line_1_36' title="bbox 270 3258 1230 3344; baseline -0.001 -26"><span class='ocrx_word' id='word_1_292' title='bbox 270 3258 323 3331; x_wconf 91' lang='lat' dir='ltr'>ci,</span> <span class='ocrx_word' id='word_1_293' title='bbox 345 3260 507 3339; x_wconf 85' lang='lat' dir='ltr'>temporis,</span> <span class='ocrx_word' id='word_1_294' title='bbox 537 3260 687 3341; x_wconf 78' lang='lat' dir='ltr'>persona,</span> <span class='ocrx_word' id='word_1_295' title='bbox 715 3279 803 3344; x_wconf 85' lang='lat' dir='ltr'>atque</span> <span class='ocrx_word' id='word_1_296' title='bbox 833 3263 922 3325; x_wconf 86' lang='lat' dir='ltr'>etiam</span> <span class='ocrx_word' id='word_1_297' title='bbox 954 3277 1119 3323; x_wconf 90' lang='lat' dir='ltr'>caeterarum</span> <span class='ocrx_word' id='word_1_298' title='bbox 1142 3270 1230 3321; x_wconf 87' lang='lat' dir='ltr'>rerum</span> 
     </span>
     <span class='ocr_line' id='line_1_37' title="bbox 271 3336 1230 3424; baseline 0.002 -26"><span class='ocrx_word' id='word_1_299' title='bbox 271 3336 438 3398; x_wconf 91' lang='lat' dir='ltr'>conditione</span> <span class='ocrx_word' id='word_1_300' title='bbox 467 3340 639 3415; x_wconf 85' lang='lat' dir='ltr'>versantur,</span> <span class='ocrx_word' id='word_1_301' title='bbox 673 3342 776 3410; x_wconf 80' lang='lat' dir='ltr'>batum</span> <span class='ocrx_word' id='word_1_302' title='bbox 800 3362 917 3424; x_wconf 92' lang='lat' dir='ltr'>quoque</span> <span class='ocrx_word' id='word_1_303' title='bbox 940 3342 1062 3403; x_wconf 89' lang='lat' dir='ltr'>minime</span> <span class='ocrx_word' id='word_1_304' title='bbox 1084 3342 1230 3424; x_wconf 85' lang='lat' dir='ltr'>imperitus</span> 
     </span>
     <span class='ocr_line' id='line_1_38' title="bbox 270 3414 1230 3502; baseline 0.003 -25"><span class='ocrx_word' id='word_1_305' title='bbox 270 3414 323 3477; x_wconf 75' lang='lat' dir='ltr'>eise</span> <span class='ocrx_word' id='word_1_306' title='bbox 343 3414 473 3478; x_wconf 82' lang='lat' dir='ltr'>debebit.</span> <span class='ocrx_word' id='word_1_307' title='bbox 504 3420 564 3495; x_wconf 94' lang='lat' dir='ltr'>Qui</span> <span class='ocrx_word' id='word_1_308' title='bbox 587 3420 678 3502; x_wconf 84' lang='lat' dir='ltr'>igitur</span> <span class='ocrx_word' id='word_1_309' title='bbox 706 3421 757 3482; x_wconf 68' lang='lat' dir='ltr'>hir</span> <span class='ocrx_word' id='word_1_310' title='bbox 775 3423 817 3483; x_wconf 89' lang='lat' dir='ltr'>ira</span> <span class='ocrx_word' id='word_1_311' title='bbox 846 3423 1043 3497; x_wconf 68' lang='lat' dir='ltr'>adoflrina,</span> <span class='ocrx_word' id='word_1_312' title='bbox 1071 3442 1091 3482; x_wconf 88' lang='lat' dir='ltr'>a</span> <span class='ocrx_word' id='word_1_313' title='bbox 1127 3444 1163 3484; x_wconf 92' lang='lat' dir='ltr'>ue</span> <span class='ocrx_word' id='word_1_314' title='bbox 1184 3419 1230 3482; x_wconf 91' lang='lat' dir='ltr'>usu</span> 
     </span>
     <span class='ocr_line' id='line_1_39' title="bbox 270 3440 1229 3642; baseline 0.002 -84"><span class='ocrx_word' id='word_1_315' title='bbox 270 3494 423 3558; x_wconf 65' lang='lat' dir='ltr'>instruiius</span> <span class='ocrx_word' id='word_1_316' title='bbox 444 3496 524 3573; x_wconf 90' lang='lat' dir='ltr'>erit,</span> <span class='ocrx_word' id='word_1_317' title='bbox 546 3499 594 3574; x_wconf 87' lang='lat' dir='ltr'>is,</span> <span class='ocrx_word' id='word_1_318' title='bbox 615 3521 680 3561; x_wconf 86' lang='lat' dir='ltr'>mea</span> <span class='ocrx_word' id='word_1_319' title='bbox 696 3502 818 3585; x_wconf 88' lang='lat' dir='ltr'>quidem</span> <span class='ocrx_word' id='word_1_320' title='bbox 839 3502 1003 3642; x_wconf 50' lang='lat' dir='ltr'>stupentia,</span> <span class='ocrx_word' id='word_1_321' title='bbox 1027 3501 1056 3561; x_wconf 90' lang='lat' dir='ltr'>in</span> <span class='ocrx_word' id='word_1_322' title='bbox 1080 3440 1229 3573; x_wconf 52' lang='lat' dir='ltr'>rirbicando</span> 
     </span>
     <span class='ocr_line' id='line_1_40' title="bbox 270 3574 1229 3658; baseline 0.004 -22"><span class='ocrx_word' id='word_1_323' title='bbox 270 3595 434 3658; x_wconf 90' lang='lat' dir='ltr'>numquam</span> <span class='ocrx_word' id='word_1_324' title='bbox 454 3574 587 3639; x_wconf 87' lang='lat' dir='ltr'>salietur.</span> <span class='ocrx_word' id='word_1_325' title='bbox 606 3579 686 3641; x_wconf 88' lang='lat' dir='ltr'>Cum</span> <span class='ocrx_word' id='word_1_326' title='bbox 707 3599 806 3643; x_wconf 84' lang='lat' dir='ltr'>¹autem</span> <span class='ocrx_word' id='word_1_327' title='bbox 829 3583 882 3643; x_wconf 91' lang='lat' dir='ltr'>Del</span> <span class='ocrx_word' id='word_1_328' title='bbox 916 3603 928 3642; x_wconf 91' lang='lat' dir='ltr'><em>s</em></span> <span class='ocrx_word' id='word_1_329' title='bbox 951 3581 1063 3644; x_wconf 86' lang='lat' dir='ltr'>dicendi</span> <span class='ocrx_word' id='word_1_330' title='bbox 1085 3581 1175 3645; x_wconf 87' lang='lat' dir='ltr'>finem</span> <span class='ocrx_word' id='word_1_331' title='bbox 1194 3578 1229 3640; x_wconf 85' lang='lat' dir='ltr'>fe·</span> 
     </span>
     <span class='ocr_line' id='line_1_41' title="bbox 187 3655 1229 3798; baseline 0.003 -82"><span class='ocrx_word' id='word_1_332' title='bbox 187 3731 189 3736; x_wconf 67' lang='lat'>,</span> <span class='ocrx_word' id='word_1_333' title='bbox 271 3655 373 3731; x_wconf 75' lang='lat' dir='ltr'>cister,</span> <span class='ocrx_word' id='word_1_334' title='bbox 400 3671 491 3798; x_wconf 65' lang='lat' dir='ltr'>atpue</span> <span class='ocrx_word' id='word_1_335' title='bbox 519 3658 679 3720; x_wconf 89' lang='lat' dir='ltr'>etiamdum</span> <span class='ocrx_word' id='word_1_336' title='bbox 709 3680 809 3722; x_wconf 89' lang='lat' dir='ltr'>omnes</span> <span class='ocrx_word' id='word_1_337' title='bbox 840 3679 996 3737; x_wconf 84' lang='lat' dir='ltr'>tacerent,</span> <span class='ocrx_word' id='word_1_338' title='bbox 1028 3678 1093 3722; x_wconf 88' lang='lat' dir='ltr'>turn</span> <span class='ocrx_word' id='word_1_339' title='bbox 1116 3660 1229 3743; x_wconf 83' lang='lat' dir='ltr'>Magio·</span> 
     </span>
     <span class='ocr_line' id='line_1_42' title="bbox 270 3734 1228 3827; baseline 0.006 -33"><span class='ocrx_word' id='word_1_340' title='bbox 270 3734 342 3795; x_wconf 89' lang='lat' dir='ltr'>iius.</span> <span class='ocrx_word' id='word_1_341' title='bbox 374 3734 434 3797; x_wconf 87' lang='lat' dir='ltr'>Eru</span> <span class='ocrx_word' id='word_1_342' title='bbox 455 3737 495 3799; x_wconf 89' lang='lat' dir='ltr'>ite</span> <span class='ocrx_word' id='word_1_343' title='bbox 524 3738 667 3827; x_wconf 87' lang='lat' dir='ltr'>quidem,</span> <span class='ocrx_word' id='word_1_344' title='bbox 695 3757 782 3822; x_wconf 90' lang='lat' dir='ltr'>atque</span> <span class='ocrx_word' id='word_1_345' title='bbox 803 3741 915 3821; x_wconf 87' lang='lat' dir='ltr'>copiose</span> <span class='ocrx_word' id='word_1_346' title='bbox 941 3743 1063 3815; x_wconf 87' lang='lat' dir='ltr'>Delius,</span> <span class='ocrx_word' id='word_1_347' title='bbox 1085 3758 1228 3824; x_wconf 89' lang='lat' dir='ltr'>quantum</span> 
     </span>
     <span class='ocr_line' id='line_1_43' title="bbox 270 3814 1228 3909; baseline 0.003 -33"><span class='ocrx_word' id='word_1_348' title='bbox 270 3814 308 3876; x_wconf 84' lang='lat' dir='ltr'>ad</span> <span class='ocrx_word' id='word_1_349' title='bbox 329 3815 413 3879; x_wconf 90' lang='lat' dir='ltr'>suum</span> <span class='ocrx_word' id='word_1_350' title='bbox 433 3814 622 3882; x_wconf 80' lang='lat' dir='ltr'>artificiosum</span> <span class='ocrx_word' id='word_1_351' title='bbox 642 3818 791 3892; x_wconf 71' lang='lat' dir='ltr'>Iudicium</span> <span class='ocrx_word' id='word_1_352' title='bbox 811 3820 943 3899; x_wconf 84' lang='lat' dir='ltr'>attinet,</span> <span class='ocrx_word' id='word_1_353' title='bbox 965 3821 1228 3909; x_wconf 65' lang='lat' dir='ltr'>peregi13serihaec</span> 
     </span>
     <span class='ocr_line' id='line_1_44' title="bbox 1108 3921 1194 3961; baseline -0.012 0"><span class='ocrx_word' id='word_1_354' title='bbox 1108 3921 1194 3961; x_wconf 76' lang='lat' dir='ltr'>nunr-</span> 
     </span>
    </p>
   </div>
   <div class='ocr_carea' id='block_1_2' title="bbox 0 0 1522 4559">
    <p class='ocr_par' dir='ltr' id='par_1_2' title="bbox 0 0 1522 4559">
     <span class='ocr_line' id='line_1_45' title="bbox 0 0 1522 4559; baseline 0 2"><span class='ocrx_word' id='word_1_355' title='bbox 0 0 1522 4559; x_wconf 95' lang='lat' dir='ltr'> </span> 
     </span>
    </p>
   </div>
  </div>
 </body>
</html>
