3034 4559
381 517 441 581 134
535 493 899 570 peremitur,
918 469 1093 576 droun
1271 566 1273 571 ,

339 598 444 645 contra
465 580 567 643 mitius
586 576 716 657 Ulyllee,
739 593 873 638 naturam
895 572 975 637 suam
997 573 1136 665 sequens,
1153 568 1185 632 in
1201 568 1303 663 eadem

340 660 543 723 modestissime
563 662 602 722 eli
624 656 775 718 versatus.
804 655 857 717 Sed
880 655 911 715 in
931 653 1099 733 suffragiis,
1120 668 1208 733 atque
1230 667 1305 733 petr·

342 740 474 802 tionibus
495 739 606 801 facilius
629 737 856 806 sentitu13cum
878 736 902 796 is
924 733 1067 815 repulsam
1087 731 1164 802 sert;
1185 730 1238 792 ille
1254 747 1306 793 ve·

341 842 377 883 ro
399 822 472 881 alter
491 818 672 886 decernitur3
692 816 738 877 cui
761 815 790 876 id
812 813 929 877 remedii
950 813 1005 875 esse
1025 813 1149 894 poterit,
1174 809 1245 873 stin
1263 808 1308 873 sa·‘

342 900 392 962 'elo
414 899 497 978 Reip.
520 898 592 971 suae,
614 915 705 977 quam
726 896 757 958 in
779 896 826 972 se,
846 896 949 955 melius
970 893 1135 955 consultum
1155 891 1208 952 esse
1225 889 1305 952 vide·

342 980 408 1053 rit,
437 978 518 1044 cuius
539 977 698 1038 utilitatem
742 976 842 1055 ropriae
869 973 1010 1055 dignitati
1029 988 1098 1034 ante
1126 971 1198 1033 serre
1220 970 1308 1032 debe·

344 1057 389 1119 bit
408 1078 418 1129 3
445 1074 496 1117 aut
516 1077 582 1117 cum
608 1058 638 1116 in
660 996 852 1116 celeierrimis
880 1053 978 1129 locis,
1005 1054 1059 1137 qui
1080 1049 1162 1114 nobis
1184 1051 1306 1113 inferior

342 1138 396 1210 sit,
419 1136 555 1215 superiori
575 1137 606 1196 in
630 1135 695 1197 loco
715 1134 899 1197 collocatur.
921 1136 1048 1209 Ferunt,
1071 1133 1200 1194 Dantem
1221 1131 1307 1194 Aldi-

343 1217 476 1299 gerium‚
497 1216 656 1298 aliquando
675 1216 711 1275 ad
734 1215 905 1276 convivium
928 1214 1116 1289 invitatum,
1138 1212 1220 1274 nulla
1243 1232 1306 1293 pre·

343 1295 418 1357 tiosa
438 1296 515 1357 veste
523 1295 659 1358 indutum
680 1294 831 1357 accessisse:
853 1315 943 1375 quare
963 1295 1050 1354 etiam
1061 1294 1091 1354 in
1112 1292 1216 1353 infimo
1225 1309 1305 1354 men·

345 1374 380 1437 sae
401 1375 466 1437 loco
488 1377 594 1457 positus
617 1374 698 1441 suit.
719 1374 798 1437 Cum
821 1396 892 1436 vero
913 1372 967 1435 hoc
988 1373 1066 1434 idem
1087 1372 1132 1433 illi
1152 1373 1306 1449 evenisset,

344 1457 432 1518 serica
452 1456 528 1518 velle
548 1500 559 1532 ,
581 1472 669 1537 atque
691 1475 779 1518 aureo
801 1470 847 1516 tor
868 1474 903 1515 ue
924 1453 1002 1515 collo
1020 1452 1237 1515 circumvoluto
1258 1474 1308 1517 ve·

343 1535 416 1606 nit3
453 1554 519 1597 tum
542 1538 573 1598 in
595 1535 699 1596 mensae
720 1536 817 1616 capite
839 1556 855 1595 e
900 1533 1184 1595 honorificentislime
1205 1531 1307 1615 repoli-

343 1632 415 1677 tus.
437 1614 559 1677 fercula
579 1614 777 1695 iamappofita
796 1629 894 1675 erant:
936 1612 1036 1693 uisque
1059 1613 1115 1674 suis
1127 1612 1232 1691 instat,
1254 1635 1305 1690 ac,

356 1694 414 1754 'uic
437 1692 488 1755 uid
508 1693 622 1755 obsonii
641 1696 736 1774 magis
756 1692 877 1773 placet,
905 1634 935 1754 id
958 1691 1072 1765 sumit,
1101 1710 1189 1775 atque
1211 1714 1305 1755 come·

344 1714 406 1834 dit.
458 1790 538 1834 antes
557 1792 631 1833 vero
650 1793 686 1834 eo
706 1773 916 1847 instrumento,
944 1792 1004 1853 quo
1025 1769 1106 1834 cibus
1127 1794 1162 1834 ex
1184 1773 1306 1835 esculen-

345 1853 384 1915 ris
417 1852 460 1912 ori
485 1852 694 1926 ministratur,
717 1852 894 1913 esculentum
917 1852 949 1913 in
978 1851 1061 1912 vestis
1088 1853 1178 1913 modo
1201 1853 1305 1927 hanc,

345 1929 436 1993 modo
466 1930 557 1991 aliam
581 1947 695 2011 partem
719 1930 913 2001 infundebat;
947 1927 1058 1993 elixum
1083 1932 1186 1993 deinde
1211 1932 1243 1995 in
1267 1932 1306 1994 al-

343 2026 438 2074 terum
467 2012 621 2072 humerum
646 2011 689 2072 im
731 2029 801 2072 neus
819 2030 828 2082 3
849 2031 885 2072 ex
901 2024 1026 2093 utroque
1043 2031 1113 2073 vero
1130 2012 1259 2093 integras
1276 2031 1305 2074 a·

344 2110 396 2154 ves
413 2091 594 2171 appendens.
617 2093 686 2167 Quo
714 2108 748 2154 ut
764 2092 896 2154 conviva
913 2090 1060 2165 viderunt,
1089 2092 1143 2152 rati
1161 2092 1210 2166 id,
1227 2090 1304 2174 quod

345 2183 430 2245 erat,
450 2189 510 2232 non
527 2171 585 2232 line
600 2171 702 2254 aliqua
717 2172 794 2233 bella
809 2173 904 2233 caussa
923 2186 1038 2233 tantum
1057 2171 1164 2232 Virum
1188 2189 1250 2233 tam
1266 2172 1306 2234 in·

345 2251 469 2333 quinate
485 2268 596 2331 agere,
614 2252 687 2333 quid
704 2252 760 2314 hoc
777 2251 826 2312 srbi
843 2250 958 2325 vellet,
978 2271 1079 2314 omnes
1100 2271 1226 2333 quarere
1250 2252 1311 2313 coe·'

347 2349 429 2411 pere.
449 2329 531 2391 Tum
552 2331 625 2393 ille:
647 2333 753 2413 optimi
771 2333 930 2406 conviva,
953 2330 1040 2392 vestis
1058 2351 1155 2405 meae,
1177 2352 1239 2392 non
1260 2349 1305 2392 au·

349 2426 410 2471 tem
425 2428 507 2472 meus
523 2412 573 2472 hic
589 2411 629 2472 est
650 2411 746 2473 locus.
765 2415 863 2487 Quare
879 2428 995 2492 :equum
1011 2414 1068 2488 est,
1089 2411 1133 2472 uti
1151 2432 1165 2470 e
1188 2433 1206 2470 o
1223 2431 1305 2483 eam,

346 2506 381 2551 ut
398 2490 521 2565 videtis,
542 2489 672 2569 palcam3
693 2509 783 2572 atque
799 2493 842 2551 ita
856 2492 968 2550 Dantes
990 2491 1128 2560 injuriam
1151 2431 1234 2550 iliam
1255 2491 1306 2551 hac

345 2566 513 2630 tubanitate
529 2572 569 2631 est
586 2569 681 2629 ultus.
704 2569 911 2705 Imprudentia
929 2569 1012 2648 supra
1034 2569 1202 2630 Menelaum
1224 2589 1307 2631 accu·

344 2647 469 2721 sabam,
490 2646 542 2727 qui
567 2648 656 2705 nimis
679 2641 863 2707 familariter
880 2647 1010 2706 Paridem
1033 2647 1205 2783 accepisser3
1228 2668 1306 2710 nunc

345 2741 447 2785 contra
469 2724 599 2784 Paridem
622 2723 715 2801 ipsum
733 2725 904 2794 injuriarum
924 2741 943 2784 a
963 2746 1008 2800 o,
1027 2727 1079 2805 qui
1118 2725 1255 2804 ospitium
1279 2750 1308 2788 a·

346 2801 473 2863 nunerio
481 2801 586 2939 prius,
606 2801 711 2861 deinde
728 2804 829 2882 rapina
844 2802 927 2863 viola
948 2819 978 2863 et
994 2850 1003 2864 .
1030 2808 1128 2880 Quare
1154 2805 1307 2869 Menelaus

294 2880 296 2884 ’
346 2882 391 2943 ira
412 2901 480 2941 erar
503 2894 540 2955 t,
568 2896 602 2941 ut
619 2880 665 2940 illi
681 2881 761 2962 prius
778 2901 838 2942 non
855 2884 1043 2963 pepercerit,
1065 2905 1155 2965 quam
1182 2886 1306 2955 Troiam

346 2960 407 3031 ejus
429 2960 534 3020 Urbem
552 2960 687 3021 incendio
705 2961 874 3032 sustulisset;
894 2962 994 3046 srquid
1012 2981 1108 3026 tamen
1119 2962 1219 3025 mitius
1243 2987 1307 3047 age·

349 3060 381 3101 rc
396 3039 547 3115 voluisset,
569 3060 662 3121 aqua
680 3039 780 3121 sapius
793 3057 978 3123 contemptus
996 3042 1089 3106 suerat
1107 3089 1116 3118 ,
1137 3045 1161 3104 is
1178 3065 1242 3104 eam
1260 3065 1306 3127 pa·

296 3181 298 3185 ,
334 3120 421 3182 riter
442 3135 639 3200 contemptam
661 3118 766 3182 habere
806 3124 943 3197 aruisset,
964 3139 1052 3216 atque
1073 3124 1118 3184 illi
1138 3124 1307 3204 repudium,

348 3199 429 3281 quod
449 3199 476 3259 ei
491 3198 615 3273 licebat,
632 3200 764 3262 misisset.
838 3222 856 3263 o
877 3202 943 3266 sunt
960 3205 1087 3285 reliqua,
1109 3223 1171 3285 quae
1188 3205 1257 3266 huic
1279 3226 1307 3267 u·

352 3279 467 3341 niverso
494 3277 595 3340 morbo
611 3281 741 3341 maxime
765 3281 873 3343 mederi
889 3284 1026 3364 pollunt3
1054 3283 1175 3344 alterum
1199 3283 1307 3365 patien-

349 3358 410 3426 ria3
432 3355 564 3420 vindisla
580 3357 722 3419 alterum.
744 3359 816 3423 Haec
831 3363 910 3423 enim
927 3362 1023 3422 omnis
1040 3362 1152 3432 injuria
1168 3362 1235 3424 finis
1251 3366 1306 3435 ell3

350 3457 416 3519 qua
440 3437 574 3498 sraliena
596 3458 685 3519 opera
700 3439 779 3514 liat,
803 3462 857 3503 nos
880 3442 1007 3502 maxime
1031 3442 1182 3513 deleslat3
1204 3444 1307 3505 sivero

353 3516 466 3590 nostra,
490 3535 542 3577 nos
559 3518 671 3579 eosdem
688 3518 813 3582 selicirer
825 3521 916 3582 beat.
943 3521 1031 3582 Certe
1047 3542 1081 3582 ex
1097 3522 1216 3583 Caesaris
1241 3541 1308 3584 nece

352 3617 461 3676 magna
475 3596 513 3657 ad
527 3615 647 3670 omneS,
666 3599 719 3680 qui
736 3600 840 3681 Remp.
863 3600 972 3662 salvam
990 3601 1045 3661 else
1064 3601 1244 3681 cupiebant,
1265 3604 1307 3663 lae·

350 3677 420 3737 titia
440 3677 570 3753 pervenit
590 3699 597 3745 ;
618 3678 710 3739 Bruto
725 3699 796 3740 vero
812 3723 821 3755 ,
840 3680 872 3741 ἃ
888 3680 982 3742 Callro
1002 3724 1012 3755 ,
1033 3682 1158 3764 quisuis
1176 3681 1307 3743 manibus

349 3775 421 3817 eam
435 3755 522 3816 secere
540 3802 550 3830 ,
579 3757 674 3818 multo
691 3758 832 3826 majorem
851 3762 955 3821 venisse
970 3782 1030 3821 non
1047 3760 1220 3823 dubitatur.
1252 3763 1307 3823 Ve-

350 3854 417 3896 rum
436 3836 578 3917 quoniam
597 3835 674 3898 mihi
697 3857 768 3899 cum
793 3839 958 3901 Chrilliano
980 3840 1056 3918 Viro
1079 3861 1155 3901 nunc
1178 3841 1307 3923 agitur,

1217 3941 1269 4002 qur
