3034 4559
407 456 463 522 108
579 456 656 517 DE
692 449 1122 515 ΙΜῙΤΑΤΙΟΝΕ

355 536 503 602 -sassitasse
522 529 676 617 pemostisi
697 550 785 615 atque
806 532 876 604 adeo
899 533 949 614 ipsi
970 532 1079 596 fortasse
1107 512 1256 614 militastis
1275 523 1326 668 Ἣ

359 615 505 701 quando?
523 615 603 690 Quid
623 612 702 675 enim
725 613 804 674 aliud
821 614 851 675 in
873 613 976 675 scholis
995 631 1059 676 tota
1080 612 1132 672 illa
1153 609 1271 691 puerilis
1286 628 1312 679 e¹

369 696 558 759 exercitatio?
580 694 659 769 Quid
681 694 750 754 item
774 692 1013 756 declamationes?
1037 691 1116 766 Quid
1137 690 1262 771 denique
1283 706 1324 771 res

369 773 513 839 Poetica?
542 793 638 835 nonne
666 793 737 853 pene
757 788 821 834 tota
848 772 887 834 est
909 772 1028 847 effide,
1060 787 1147 852 atque
1175 764 1324 830 simulata?

368 857 504 918 Alterum
526 869 652 927 autem,
681 852 759 934 quod
781 871 860 934 aeque
881 852 1059 917 locutionem
1087 869 1154 912 cum
1176 864 1325 930 argumen-

369 936 406 995 tis
429 936 505 995 hunc
526 930 692 994 mendicare
713 930 796 993 fateri
812 952 859 995 me
879 931 989 1007 vultiS,
1003 930 1103 996 frustra
1122 925 1228 1010 agitis.
1249 923 1325 990 Tau·

369 1030 432 1075 tum
454 1013 531 1075 enim
553 1010 656 1086 abest,
685 1027 717 1073 ut
738 1009 820 1073 vobis
842 1012 873 1072 in
901 1027 1017 1075 tantum
1038 1009 1189 1073 hominem
1212 1002 1323 1070 subscri·

368 1091 461 1166 bam,
486 1108 519 1153 ut
541 1092 635 1172 magis
656 1090 692 1152 ab
713 1111 749 1152 eo
772 1092 822 1152 esse
842 1111 901 1152 non
921 1092 1040 1172 poffim.
1069 1085 1222 1171 Siquidem
1244 1082 1323 1150 video

367 1188 430 1232 ram
451 1170 542 1246 belle,
563 1188 682 1309 ramipue
704 1192 722 1232 a
743 1186 772 1231 te
792 1171 868 1232 inter
890 1169 916 1231 se
938 1173 996 1242 ejus
1018 1170 1121 1250 scripta
1142 1166 1245 1229 omnia
1260 1184 1323 1228 con·

366 1250 495 1326 sentire,
516 1250 559 1312 ita
581 1250 611 1311 &
645 1270 683 1311 uo
702 1190 754 1311 filo
774 1250 926 1326 constare,
946 1268 980 1313 ut
996 1248 1072 1314 nihil
1094 1246 1255 1320 elaborati,
1275 1258 1322 1306 aut

362 1329 484 1391 studiose
503 1329 655 1412 conquisiti
676 1330 707 1390 in
728 1330 764 1390 iis
785 1329 937 1391 sentiatur.
965 1329 1112 1415 Equidem
1144 1346 1212 1387 cum
1229 1320 1321 1395 hujus·

364 1409 445 1471 modi
468 1407 615 1471 Ciceronis
635 1408 788 1471 verborum
810 1409 1011 1485 deleliorum,
1038 1430 1071 1475 ac
1091 1405 1151 1479 ejus
1172 1404 1260 1487 ipsius
1282 1423 1321 1464 ca·

364 1488 487 1551 stiffimae
508 1488 664 1551 locutionis
685 1488 870 1553 sedatoribue
890 1488 1046 1570 improbari
1076 1485 1208 1560 malim,
1234 1500 1319 1567 quam

363 1588 432 1630 cum
461 1569 566 1650 quovis
588 1572 713 1632 vestrum
743 1570 774 1631 in
796 1568 914 1631 Coelum
934 1566 1016 1630 ferri.
1044 1567 1096 1630 Sed
1118 1569 1204 1639 jam,
1234 1580 1318 1654 quatu

363 1647 412 1709 hic
433 1648 526 1709 noster
545 1665 637 1728 apte,
659 1668 749 1730 quam
772 1648 904 1711 decenter
927 1645 1133 1711 commutando
1155 1642 1187 1705 in
1208 1639 1318 1706 Cicero·

361 1726 409 1787 nis
431 1728 593 1790 orationem
614 1726 670 1788 sese
692 1728 841 1802 insinuet,
862 1725 1028 1790 videamus.
1048 1727 1151 1789 Cicero
1171 1723 1208 1784 src
1227 1716 1317 1786 ait-ad

362 1806 528 1867 Plancum:
549 1811 622 1865 Cum
651 1807 740 1886 ipsum
765 1806 900 1869 Furnium
945 1830 973 1867 er
989 1807 1023 1885 se
1039 1806 1108 1868 vidi
1129 1800 1228 1866 libenti
1248 1822 1315 1880 rme,

360 1901 421 1942 rum
436 1882 484 1945 bac
498 1882 652 1960 libentius,
672 1886 746 1963 quod
769 1885 850 1946 illum
869 1824 1010 1962 auebens,
1031 1904 1057 1947 te
1078 1880 1196 1950 videbar
1211 1880 1316 1944 audire.

360 1964 523 2044 Longolius
552 1981 650 2026 autem
672 1964 709 2027 sic
735 1965 960 2031 commutavit:
990 1970 1063 2027 Cum
1092 1959 1175 2045 ipſsus
1204 1956 1315 2021 Antonii

361 2043 493 2104 francini
514 2044 653 2105 adventus
670 2042 741 2105 mibi
774 2044 843 2123 erse
858 2045 1065 2125 jucundiffimus
1083 2043 1145 2124 suit
1160 2064 1173 2114 ;
1191 2058 1252 2102 tum
1274 2035 1314 2100 bu

351 2122 530 2199 jucundior,
552 2125 627 2203 quod
649 2146 682 2183 ex
696 2061 808 2199 mubo,
831 2124 870 2187 (t
885 2143 1007 2189 accurato
1023 2125 1083 2205 ejus
1098 2122 1221 2201 sermone
1235 2114 1314 2200 fieriu

358 2202 497 2281 cognovi,
517 2225 578 2263 eam
594 2203 664 2263 mihi
679 2203 771 2265 adhuc
786 2202 834 2265 abs
850 2222 876 2265 te
890 2205 1013 2285 prestari
1034 2204 1215 2276 memoriam,
1237 2217 1312 2280 atque

360 2278 599 2355 benevolentiam,
621 2307 681 2363 que
698 2281 737 2357 sit
751 2282 789 2344 ab
805 2282 912 2346 bomine
934 2284 1087 2362 amicrffima
1112 2280 1151 2345 (θ’
1170 2281 1250 2361 longo
1266 2273 1312 2355 ufir

358 2360 566 2440 conjunllrffimo
580 2362 757 2442 expellanda·
781 2363 890 2441 VideS,
901 2381 934 2431 ut
949 2364 1088 2427 concinne
1109 2383 1127 2429 a
1146 2360 1268 2443 persona
1280 2354 1312 2439 td

358 2440 509 2521 personam
532 2442 694 2504 tranfiverit
715 2444 877 2583 Longolius
897 2440 1059 2506 imitando?
1089 2442 1167 2504 Item
1188 2461 1205 2501 a
1226 2434 1292 2519 pers

357 2540 396 2580 na
416 2520 453 2581 ad
474 2542 551 2596 rem,
568 2522 639 2583 item
660 2520 772 2585 abasse
803 2544 822 2587 u
844 2522 879 2585 ad
894 2521 1029 2586 affesium
1050 2520 1124 2589 nihil
1145 2519 1244 2583 miuus
1260 2514 1311 2582 bel·

356 2598 501 2661 defecerit
523 2601 804 2664 commutationem?
825 2604 867 2664 At
887 2601 923 2665 fic
943 2598 1137 2677 decenter‚sic
1156 2598 1310 2679 prudenter

287 2723 290 2728 -
356 2679 477 2738 caussam
493 2680 679 2747 jucunditatis
701 2679 754 2743 suae
775 2681 863 2744 aliam
884 2682 1045 2756 subjunxit,
1060 2698 1094 2743 ut
1114 2678 1190 2758 nihil
1212 2678 1310 2737 decen·

359 2755 441 2830 rius,
463 2758 538 2818 nihil
559 2758 743 2835 prudentius.
764 2761 843 2834 Quid
866 2779 963 2824 autem
983 2761 1050 2834 illa,
1070 2777 1133 2842 quae
1153 2756 1192 2819 est
1209 2776 1246 2817 ex
1262 2755 1309 2817 Ci·
1345 2763 1358 2824 .ἷ

355 2856 456 2896 cetone
477 2835 512 2896 ad
532 2834 666 2898 Titium?
690 2838 738 2899 Ita
758 2839 855 2921 inquit
871 2841 997 2904 Cicero:
1018 2839 1064 2917 Est
1084 2856 1174 2898 autem
1192 2836 1308 2914 consola·

354 2916 392 2976 tio
405 2914 572 2995 pervulgata
594 2918 707 2998 quidem
730 2919 807 2992 illa,
828 2943 912 2998 quam
921 2920 1025 3002 semper
1050 2920 1079 2981 in
1095 2940 1161 2993 ore,
1181 2934 1266 2997 arque
1281 2912 1307 2973 iu
1354 2957 1358 2990 :

355 2997 446 3055 animo
461 2994 558 3057 babere
571 2995 696 3057 debemus
711 3042 721 3073 ‚
742 2997 862 3059 homines
886 3022 934 3060 nos
953 3019 986 3061 ut
1000 3000 1050 3081 effe
1065 2997 1265 3059 meminerimus
1279 3013 1306 3053 eu

353 3076 526 3157 legonatus,
547 3094 579 3135 ut
594 3075 714 3138 omnibus
729 3078 792 3139 telis
807 3080 920 3155 {ortunae
930 3079 1065 3162 proposita
1079 3078 1117 3153 stt
1133 3077 1197 3137 vira
1206 3076 1306 3153 nssstsai
1354 3093 1358 3098 '

352 3178 438 3234 neque
453 3156 503 3236 effe
517 3156 717 3233 recufiindum,
737 3180 790 3238 quo
805 3160 896 3219 minus
911 3181 944 3218 ea
960 3203 970 3236 ,
996 3182 1052 3240 qua
1068 3158 1128 3220 nati
1137 3156 1237 3235 seimus
1251 3175 1306 3217 con·

353 3234 478 3309 ditione,
506 3238 666 3309 vivamus,·
693 3260 763 3298 neve
778 3256 835 3305 tam
856 3239 980 3321 graviter
1003 3262 1045 3299 eos
1064 3238 1141 3316 caseis
1162 3235 1304 3314 suanias,
1345 3285 1358 3308 „

352 3334 420 3451 puae
444 3313 520 3372 nulla
543 3314 648 3389 confilio
672 3320 763 3378 vitare
777 3317 932 3400 poffumus.
961 3320 1061 3392 Quam
1084 3332 1177 3379 totam
1198 3330 1306 3395 partem

364 3410 389 3450 rc
410 3411 441 3453 m
462 3392 544 3452 suum
574 3394 655 3455 usum
678 3396 819 3475 aptissime
840 3397 1034 3470 commutavit
1055 3396 1241 3488 Longolius‚
1268 3391 1306 3453 di·

351 3489 417 3531 cens
434 3488 440 3528 τ
462 3475 558 3529 Verum
572 3487 633 3533 cum
647 3497 679 3532 ea
699 3476 780 3555 lege,
801 3494 883 3555 atque
900 3475 1052 3538 conditione
1071 3494 1130 3536 nati
1145 3474 1232 3549 fimus
1248 3518 1258 3549 ,
1277 3488 1305 3533 ut
1351 3511 1358 3540 ,-

354 3547 428 3641 nobis
443 3546 522 3624 bec,
543 3569 625 3630 atque
652 3554 711 3621 alia
733 3556 883 3634 istiusmodi
903 3554 1141 3629 innumerabilia,
1163 3556 1305 3631 uelimus,
1351 3565 1358 3622 ':

344 3629 496 3703 nolimus,
517 3627 662 3707 fiibeanda
677 3633 759 3706 stne,
780 3636 1004 3710 meminerimus,
1026 3657 1073 3695 nos
1093 3635 1144 3716 effe
1163 3632 1305 3701 homines,
1351 3669 1358 3700 =

345 3711 519 3789 feramusque
533 3708 563 3785 st
579 3735 629 3771 non
649 3712 764 3773 libenter
784 3734 845 3790 ‚ui
864 3714 1005 3775 toleranter
1025 3733 1117 3792 certe,
1137 3716 1213 3795 quod
1232 3710 1306 3774 nullo
1350 3717 1358 3786 ξ

349 3788 456 3866 confilia
475 3814 560 3871 neque
581 3792 694 3869 vitare,
714 3817 800 3877 aeque
819 3814 923 3861 mutare
940 3796 1093 3884 poffumup.
1114 3796 1221 3878 Neque
1237 3788 1308 3857 illud
1349 3831 1358 3873 ἱ

1213 3894 1273 3939 tne-
