3034 4559
338 464 396 510 ιιι
498 449 563 511 ou
581 448 863 522 EVrTANDA,
883 445 1056 529 Arous

298 523 362 588 bari
380 524 466 608 possit
487 528 634 590 omnino.
662 526 813 603 Quoniam
836 542 934 587 autem
954 547 998 587 res
1019 540 1142 608 utraque
1163 543 1252 589 unam

297 606 478 669 iracundiam
500 606 697 688 gravissimam
716 606 806 668 habet
824 604 1045 679 adversariam,
1067 604 1184 685 quando
1205 606 1254 669 hu·

297 686 342 757 jus
364 684 458 749 morbi
480 700 562 749 tanta
581 688 628 748 vis
649 686 706 761 est,
729 684 884 768 tantusque
898 685 1043 766 impetus,
1065 701 1099 745 ut
1114 704 1184 746 cum
1204 685 1255 751 ho·

298 765 409 831 minem
429 766 561 841 invadit,
578 767 625 827 ita
641 786 762 828 eumer
779 766 864 827 omni
879 781 975 827 mente
988 762 1145 839 deturbat,
1167 781 1254 847 arque

296 846 379 908 omni
395 845 529 908 oratione
548 843 671 927 spoliat,
689 862 725 908 ut
745 866 798 927 per
815 844 891 907 illud
911 860 1027 925 tempus
1047 844 1145 924 magis
1161 842 1255 917 suren·

297 942 376 1000 tem,
394 945 431 987 ac
452 925 633 1007 mugientem
651 925 798 998 belluam,
816 945 909 1008 quam
931 924 1082 986 hominem
1103 922 1254 996 imitetur3

296 1004 333 1066 ab
348 1006 403 1067 hac
422 1024 501 1067 nova
514 1004 602 1067 Circe
619 1007 705 1068 omni
721 1005 857 1081 confilid,
877 1004 963 1067 omni
975 1003 1151 1085 diligentia,
1171 1004 1254 1066 omni

292 1083 419 1165 denique
436 1101 544 1147 conatu
563 1084 647 1148 nobis
664 1085 708 1147 cst
725 1105 903 1166 magnopere
920 1082 1101 1155 cavendum3
1119 1103 1183 1165 qua
1197 1104 1255 1145 una

292 1163 388 1224 animi
403 1166 550 1225 teterrima
601 1168 658 1241 ste,
676 1165 796 1247 quando
814 1166 903 1227 etiam
919 1184 1014 1239 nunc,
1032 1183 1102 1224 cum
1117 1182 1193 1243 puer
1210 1184 1253 1239 es,

295 1259 324 1303 te
341 1243 461 1324 gravius
476 1183 622 1306 interdiim
638 1245 771 1308 laborare
785 1244 891 1321 uideo,
908 1244 1008 1384 essaue
1029 1242 1058 1303 sa
1079 1242 1167 1304 ientis
1189 1242 1255 1303 Me·

291 1322 350 1384 dici
369 1324 513 1387 continuo
533 1325 727 1388 nascentibus,
743 1324 854 1387 morbis
875 1344 953 1386 reme
973 1324 1003 1385 ia
1020 1321 1058 1385 ad
1083 1320 1187 1395 berc,
1206 1342 1253 1386 oe·

289 1398 551 1485 que'cirpesbare,
576 1406 649 1468 dum
669 1406 693 1467 ii
713 1406 862 1489 graviores
888 1403 988 1479 siant,
1016 1402 1131 1486 quique
1161 1401 1263 1464 sanari¹

287 1502 352 1545 non
381 1473 504 1564 possmt3
521 1505 559 1546 ea
579 1486 692 1549 ratione
716 1487 756 1547 de
775 1486 831 1548 isto
852 1484 945 1546 animi
965 1482 1081 1563 inipetu
1100 1481 1263 1564 separarin„

289 1561 328 1623 ad
349 1578 378 1624 te
396 1562 510 1646 aliquid
530 1564 650 1627 scribere
668 1565 757 1627 statui
775 1586 785 1637 3
803 1561 825 1624 si
846 1563 955 1645 possem
973 1562 1006 1624 ἃ
1025 1569 1093 1624 m'eo
1112 1561 1250 1638 consilio,

289 1639 322 1702 ἀ
340 1634 423 1704 istius
442 1641 564 1704 monstri
582 1645 671 1721 odio,
688 1660 776 1719 ante,
818 1663 886 1704 uam
905 1641 1022 1705 morbus
1040 1642 1250 1723 ingravesceret

288 1722 400 1801 magis,
421 1743 487 1784 eam
506 1721 564 1784 tibi
583 1724 758 1787 medicinam
780 1743 798 1785 a
821 1741 898 1797 erre,
915 1743 979 1805 qua
997 1721 1018 1783 fi
1037 1742 1100 1784 non
1120 1717 1249 1786 funditus

288 1820 353 1878 eam
374 1798 565 1879 sustulissem,
584 1803 688 1864 saltem
705 1801 836 1864 maxima
855 1823 893 1863 ex
912 1818 993 1883 parte
1013 1799 1175 1871 levassem.
1195 1799 1248 1862 sed

288 1876 347 1948 jam
368 1875 535 1958 institurum
554 1881 686 1944 nostrum
704 1881 926 1963 aggrediamur,
949 1902 1001 1956 ac,
1021 1901 1085 1963 quae
1105 1877 1152 1942 isti
1173 1900 1247 1943 mor·

285 1956 327 2019 bo
334 1956 463 2036 remedia
483 1959 540 2022 fior
547 1960 733 2037 adhibenda,
742 1982 780 2022 ex
796 1958 943 2043 proposito
957 1963 1057 2025 nostro
1078 1960 1247 2026 videamus,

281 2101 284 2105 Α
328 2038 446 2119 Duplex
470 2038 564 2122 igitur
591 2042 670 2121 ira:¹
692 2061 762 2103 enus
788 2041 864 2113 esta
886 2041 1014 2103 alterum
1028 2083 1042 2116 .‚
1066 2041 1149 2124 quod
1178 2058 1244 2103 cum

285 2115 397 2180 virtute
411 2120 629 2203 conjungitur3
688 2138 811 2198 terum,
837 2120 920 2203 quod
940 2137 1044 2183 totum·
1060 2120 1092 2181 in
1114 2121 1192 2183 virio
1210 2113 1245 2182 est

285 2196 437 2277 positum⁴
461 2203 554 2279 Quod
571 2202 694 2266 virtutis
711 2201 753 2264 en
772 2201 944 2284 particeps,
971 2201 1030 2270 eius
1058 2201 1172 2281 generis
1190 2202 1245 2275 est,

283 2292 318 2337 ut
338 2293 493 2367 parentum
512 2280 546 2343 in
565 2279 695 2346 filiorum
713 2282 817 2345 erratis
835 2277 1002 2343 accusandis
1022 2301 1030 2351 3
1050 2296 1085 2341 ut
1105 2279 1139 2340 in
1159 2278 1242 2342 bonis

280 2355 367 2419 Viris
384 2379 406 2420 a
427 2358 542 2425 nefariis
574 2362 735 2425 latronibus
760 2360 899 2446 oppressis
926 2377 979 2422 aut
1006 2357 1168 2436 ridendis,
1195 2373 1242 2421 aut

277 2432 492 2511 defendendis,
519 2457 554 2502 ut
583 2443 658 2504 item
679 2443 713 2503 in
730 2443 860 2503 Oratore
881 2440 915 2501 in
936 2459 1049 2501 reorum
1068 2439 1240 2500 criminibus

278 2516 386 2579 acriter
402 2518 602 2591 detestandis3
627 2538 663 2582 ut
682 2521 716 2582 in
737 2521 803 2595 iis,
829 2518 883 2600 qui
903 2538 957 2599 pro
977 2517 1108 2578 libertate
1127 2518 1161 2579 in
1182 2520 1242 2580 T·

277 2615 404 2658 rannum
417 2641 433 2672 ‚
459 2595 494 2658 δι
515 2599 548 2659 in
564 2599 674 2659 caeteris
692 2598 756 2736 epm
774 2596 912 2687 generis,
932 2596 986 2734 rpui
1007 2597 1126 2657 virtutis
1146 2540 1241 2660 caussa

279 2674 313 2734 in
330 2674 460 2754 impios,
478 2696 515 2737 ac
533 2675 685 2736 sceleratos
727 2695 839 2737 ommes
860 2675 938 2734 hone
962 2695 977 2734 e
997 2693 1225 2738 commoventur
1232 2696 1241 2749 ;

275 2771 372 2832 quarn
387 2751 526 2812 animia
548 2752 694 2813 uissimam
711 2753 945 2816 commotionem
973 2752 1023 2813 iile
1041 2751 1240 2833 significabat,

276 2828 500 2890 condiceret:
519 2773 674 2909 srrrscimini
685 2875 703 2907 ,
715 2831 771 2910 sed
790 2832 876 2892 nolite
893 2848 1028 2913 peccare3
1050 2853 1168 2915 quaque
1190 2835 1239 2897 ille

279 2906 369 2973 etiam
386 2905 548 3052 alipuando
564 2910 748 2973 commoveri
764 2911 808 2973 est
829 2910 925 2987 visus,
947 2933 1019 2974 cum
1036 2933 1071 2974 ex
1088 2912 1236 2996 Templo,

276 2986 334 3050 hoc
351 2987 411 3066 est,
431 3017 433 3020 ·
454 2989 524 3053 atris
541 2988 587 3053 sui
603 2991 713 3069 domo,
731 3011 798 3074 quae
816 2991 958 3053 ¹Orationi
980 2992 1140 3054 consttucia
1157 2997 1235 3068 erat,

272 3084 421 3144 ementes,
434 3086 525 3153 arque
543 3070 703 3134 vendentes
719 3070 882 3134 verberibus
900 3071 1046 3143 ejiciebat.
1062 3072 1151 3134 Nihil
1160 3074 1235 3135 enim

272 3148 466 3226 admittitur,
484 3171 555 3215 cum
574 3151 702 3215 aliorum
722 3151 820 3214 sceleri
840 3151 1060 3237 succensemus,
1079 3169 1169 3236 atque
1188 3172 1234 3215 eos

272 3245 328 3292 aut
346 3230 539 3311 corrigimus,
555 3248 610 3295 aut
629 3232 720 3293 etiam
737 3231 842 3315 aliquo
860 3229 893 3293 su
914 3233 1001 3313 plicio
1019 3230 1181 3306 afficimus3
1200 3233 1234 3295 de

269 3326 334 3446 auo
353 3307 404 3368 irae
422 3329 529 3389 genere
547 3310 632 3373 nobis
658 3313 716 3374 hoc
741 3309 809 3375 Ioco
829 3253 913 3372 nihd
925 3313 1056 3393 amplius
1079 3312 1119 3375 est
1138 3314 1233 3380 dicen·

295 3405 361 3446 um.
383 3387 429 3449 De
445 3409 483 3451 ea
499 3408 571 3452 vero
590 3392 741 3453 iracundia
762 3436 771 3467 ,
789 3412 853 3473 qua
872 3389 979 3454 vitiosa
995 3387 1064 3469 est,
1085 3411 1166 3458 totus
1186 3397 1231 3459 hic

276 3463 406 3547 reliquus
425 3466 519 3531 sermo
536 3470 578 3530 est
593 3469 723 3533 futurus.
744 3463 821 3531 Haec‘
832 3471 904 3533 item
922 3471 1030 3553 duplex
1047 3474 1105 3547 est,
1122 3475 1230 3555 altera,

273 3564 337 3627 qua
364 3545 463 3608 statim
489 3563 588 3611 totum
615 3551 745 3613 hominis
763 3550 899 3612 animum
929 3569 1086 3634 occupat,·
1112 3556 1230 3632 altera,

274 3644 363 3706 quae,
394 3642 429 3690 ut
446 3639 491 3689 res
509 3645 641 3707 caeterae,
668 3631 771 3693 sensim
789 3629 890 3691 crescit
905 3652 915 3703 3
943 3633 1016 3710 illi,
1043 3654 1081 3695 ne
1098 3638 1229 3708 accidat5

272 3701 358 3781 huic,
379 3726 414 3767 ne
435 3708 467 3770 in
486 3706 612 3771 furorem
633 3711 784 3772 hominem
801 3711 897 3800 rapiar
914 3754 923 3785 ,
941 3713 1156 3793 providendum
1174 3716 1228 3779 est.

270 3782 326 3848 Sed
346 3802 442 3870 ante,
469 3809 559 3873 quam
581 3790 617 3852 ad
637 3790 711 3855 runc
731 3790 937 3859 sanationem
958 3793 1074 3859 veniam
1089 3839 1100 3873 ,
1117 3796 1227 3879 placuit

1148 3896 1192 3941 re-
