3034 4559
332 454 390 539 148
480 457 485 467 '
550 453 802 519 BARTHOL.
831 454 996 515 Riccrt

283 540 323 601 ad
344 537 503 601 amandum
523 558 589 600 cum
611 537 718 598 virtute
740 550 865 616 ponatur
885 555 1007 609 amare,
1036 550 1125 626 atque
1146 534 1245 619 dilige·

283 639 333 680 re.
355 620 436 694 Quin
459 618 590 680 etiamsi
613 615 735 696 improbi
759 614 919 689 homines,
949 632 1037 696 atque
1059 631 1129 677 vrtae
1166 615 1244 678 omni

286 698 468 779 turpitudine
487 697 582 758 notati
605 715 658 756 nos
679 695 778 776 aliqua
798 692 1002 756 benevolentia
1019 695 1244 778 prosequantur,

283 799 333 839 eos
364 777 522 867 cogimur,
549 791 582 836 ut
612 777 654 835 ita
684 775 806 846 dicam,
835 773 1003 843 redamare3
1034 775 1111 835 inter
1138 776 1166 835 se
1199 796 1245 837 ve·

283 878 342 932 ro,
364 877 436 938 qutn
456 869 555 916 ament
576 855 643 934 ipsi,
665 853 738 917 nulli
759 852 882 915 dubium
903 853 942 913 est
963 874 971 924 3
992 871 1025 916 ut
1046 854 1125 935 quast
1138 856 1179 915 -in
1201 854 1246 915 be·

283 937 453 997 nevolentia
490 933 672 996 concilianda
708 954 767 1008 una
808 931 925 995 amandi
961 934 1008 995 vis
1048 935 1143 1014 magis
1188 934 1248 1014 pol·

282 1015 370 1087 lens,
403 1013 560 1097 potensque
582 1014 639 1085 sit,
668 1034 758 1095 quam
781 1013 866 1093 ipfius
897 1012 992 1073 solidae
1014 1014 1132 1075 virtutis
1155 1030 1244 1075 attra-

282 1093 361 1167 erio,
383 1110 471 1176 atque
493 1113 559 1156 com
581 1092 674 1167 ulsus,
695 1113 758 1174 quae
782 1094 833 1153 nist
842 1092 877 1153 ad
901 1093 945 1167 se,
966 1109 1017 1155 aut
1038 1092 1074 1154 ad
1095 1092 1137 1153 sui
1160 1094 1245 1154 simil·

284 1171 357 1233 lima
376 1173 533 1235 amandum
561 1114 715 1234 bominem
745 1173 919 1253 compellit.
940 1172 1020 1246 Sed,
1048 1172 1193 1254 quoniam
1214 1175 1244 1236 in

283 1252 402 1314 consilio
423 1252 586 1327 versamur,
609 1254 661 1333 qui
686 1252 820 1332 Princeps
842 1252 915 1312 redte
936 1272 968 1311 ac
986 1252 1127 1331 sapienter
1147 1253 1246 1333 provi-

282 1331 313 1392 sa
343 1353 401 1393 non
430 1331 516 1406 levi,
548 1353 607 1392 non
636 1330 734 1393 odiosa
761 1330 1014 1393 commendatione
1037 1332 1242 1412 prosequetur,

281 1411 337 1472 hoc
360 1411 429 1486 est,
456 1413 509 1495 qui
538 1410 657 1472 virtutis
686 1410 739 1472 suae
761 1406 875 1472 laudem
897 1410 1039 1490 integram
1063 1410 1243 1473 Consiliatiis

280 1491 365 1565 suis,
388 1508 422 1552 ur
443 1513 460 1552 a
483 1490 685 1564 seauserant,
714 1490 876 1567 concedet,
904 1491 1012 1571 quique
1033 1506 1158 1565 contra,
1202 1511 1243 1552 uae

280 1570 377 1631 minut
406 1569 551 1631 interdum
580 1570 655 1630 resse
683 1569 839 1657 consulta,¹
867 1570 984 1650 quando
1014 1569 1147 1643 homines
1179 1512 1243 1632 sunt

281 1649 413 1711 homines
429 1651 568 1722 omnino,
588 1648 619 1710 δι
641 1668 736 1710 retum
759 1668 894 1710 omntum
911 1670 969 1709 non
986 1648 1074 1709 iidem
1097 1650 1164 1710 sunt
1181 1652 1244 1710 exi·

280 1746 345 1804 tus,
368 1745 455 1811 atque
476 1728 610 1805 consilia,
626 1749 693 1790 cum
710 1728 940 1808 reprehenderit,
961 1728 1123 1810 colligarit,
1147 1731 1242 1810 magia

279 1810 408 1889 patenae
430 1807 599 1881 lenitatem,
620 1827 710 1891 quam
731 1808 792 1867 heri
813 1806 1034 1867 inclementiam
1056 1808 1241 1885 imitabitur,

279 1890 304 1947 is
326 1887 352 1947 se
374 1886 443 1948 sciat
465 1888 605 1958 majorem
614 1886 780 1948 facultatem
802 1886 838 1946 ad
852 1887 907 1946 sese
915 1888 1071 1948 amandum
1090 1885 1141 1950 sibi
1162 1909 1241 1949 cotn-

278 1967 393 2027 munire
415 1968 466 2028 vix
486 1967 577 2048 polle.
599 1965 685 2027 Nihil
706 1965 746 2026 est
767 1966 862 2040 enim,
883 1965 962 2047 quod
985 1982 1045 2027 tam
1066 1988 1083 2027 a
1104 1967 1188 2029 nobis
1209 1990 1241 2030 a·

279 2047 387 2107 liorum
408 2048 521 2108 animos
544 2046 685 2121 abducat,
705 2065 795 2127 quarn
815 2044 835 2105 fi
857 2064 893 2107 ne
914 2047 1168 2108 commendatione
1191 2048 1240 2109 sua

277 2126 397 2208 quidem
417 2148 517 2189 eorum
538 2125 633 2187 officia
659 2146 728 2264 erpa
757 2144 809 2187 nos
839 2124 914 2186 resle
934 2125 1065 2187 adhibita
1088 2128 1243 2210 prosequa-

279 2222 373 2279 mut,
400 2206 582 2268 tantumdem
603 2225 671 2270 vero
702 2228 711 2264 r
733 2224 833 2266 eorum
858 2204 985 2285 ipsorum
1006 2222 1100 2266 errata
1117 2206 1240 2267 inserte·

278 2306 345 2365 mur
367 2287 511 2348 acerbius.
533 2286 616 2347 Sinat
636 2306 671 2345 eo
689 2284 715 2344 se
732 2305 850 2367 quoque
867 2285 985 2346 nomine
1006 2286 1140 2365 Princeps
1159 2307 1239 2347 atna-

279 2365 331 2438 τί,
361 2366 439 2447 quod
469 2365 601 2426 homines
623 2366 734 2443 sperent
755 2364 887 2446 quaedam
909 2366 958 2427 sua
979 2366 1133 2427 commoda
1155 2365 1239 2426 sacile

278 2444 414 2525 consequi
435 2446 525 2525 posse.
546 2446 590 2505 De
610 2464 669 2523 quo
689 2464 793 2522 genere
815 2460 879 2506 toro
899 2446 1039 2527 quoniam
1061 2444 1127 2505 satis
1149 2445 1237 2506 abun·

277 2524 312 2584 de
333 2525 421 2606 paulo
439 2523 538 2603 supra,
559 2542 625 2582 cum
646 2521 682 2581 de
704 2519 910 2586 liberalitatea
932 2525 1047 2597 ebatur,
1069 2524 1181 2585 dicium
1200 2524 1236 2585 es-

278 2604 305 2664 se
327 2599 472 2675 arbitror,
493 2622 552 2662 non
574 2600 673 2661 eadem
696 2601 750 2663 hoc
773 2622 889 2685 quoque
909 2545 973 2665 soto
994 2604 1147 2663 retexenda
1171 2604 1235 2667 sunt

276 2681 353 2741 visa.
376 2679 453 2740 Illud
474 2678 541 2741 satis
562 2680 613 2754 sit,
637 2680 656 2739 sr
677 2682 807 2755 addam,
861 2681 909 2741 uid
931 2683 952 2741 ii
973 2682 1083 2760 sperent
1106 2683 1233 2765 Principi

275 2760 430 2837 diligenter
445 2758 495 2818 esse
512 2759 710 2838 odorandum,
726 2781 820 2841 neque
839 2702 910 2820 dum
928 2776 1061 2863 mpetum
1083 2763 1235 2838 expedian-

275 2839 371 2910 dum,
400 2838 430 2899 δι
451 2859 488 2898 ne
510 2835 611 2901 frustra
631 2860 678 2902 eos
701 2840 759 2920 spes
782 2838 833 2898 illa
854 2856 905 2899 aut
934 2836 1041 2912 sallat,
1072 2843 1233 2903 autetiam

275 2918 387 2995 diutius
410 2933 522 2993 teneat,
543 2938 672 2982 accurate
693 2919 738 2979 illi
759 2916 813 2976 erit
836 2918 1074 2997 providendum.
1096 2920 1176 2979 Nam
1201 2943 1233 2984 eo

277 2998 408 3058 homines
433 2998 490 3059 luci
512 2998 642 3060 desrnunt
665 3016 777 3069 amare,
799 2994 848 3056 ubi
870 2998 987 3058 initium
1010 2996 1119 3058 sariunt
1142 3000 1233 3081 despe-

276 3077 357 3137 tandi
373 3098 483 3158 ,neque
494 3080 584 3147 majus
595 3078 686 3138 ullum
696 3073 868 3137 beneficium
878 3076 998 3139 conserri
1019 3078 1125 3157 potest,
1143 3100 1230 3162 quam

277 3168 343 3217 cum
356 3157 449 3231 ultro,
471 3159 549 3239 quod
570 3176 641 3235 opus
653 3155 709 3228 est,
732 3175 800 3216 curn
822 3159 912 3232 cito,
942 3156 1019 3237 quod
1042 3158 1223 3237 expellatur,

272 3234 434 3305 consertur3
451 3256 484 3296 ex
506 3258 565 3319 qua
574 3256 631 3297 una
641 3235 727 3297 multi
750 3233 800 3297 lici
812 3238 926 3298 amandi
948 3237 1119 3311 rationeea,
1141 3258 1226 3319 quam

272 3333 325 3375 nos
347 3315 377 3373 in
397 3314 498 3453 primis
518 3317 697 3397 quatimur,
739 3314 788 3377 des
808 3317 902 3378 existit
922 3316 1133 3395 integerrima,
1155 3338 1230 3399 quae-

272 3414 329 3475 que
350 3395 400 3454 nul
414 3395 438 3454 is
459 3395 580 3456 adversts
604 3394 781 3473 temporibus
814 3396 975 3474 Principem
1007 3395 1089 3455 suum
1111 3397 1227 3471 deserit,

271 3493 335 3554 quae
356 3475 444 3535 nullis
466 3474 601 3533 maximis
623 3474 773 3535 ostentatis
793 3474 926 3611 periculis
947 3475 1103 3556 quicquam
1125 3478 1160 3536 de
1176 3478 1227 3537 sta·

271 3568 305 3613 tu
322 3553 371 3612 suo
389 3569 608 3625 commovetur,
628 3572 691 3634 quae
709 3551 736 3612 se
754 3571 793 3612 nu
807 3551 843 3612 lis
860 3553 983 3633 denique
1000 3554 1150 3634 propositis
1169 3576 1229 3614 am·

272 3631 412 3711 plioribus
433 3632 586 3711 premiis,
616 3632 772 3712 quicquam
795 3631 925 3705 violari,
954 3648 1041 3714 atque
1063 3632 1224 3694 labesadlari

270 3711 353 3781 linit3
374 3730 432 3792 qua
453 3730 510 3769 una
531 3712 714 3789 integerrime
736 3728 901 3788 comparata
922 3711 990 3773 sciat
1023 3714 1155 3792 Princeps
1176 3712 1223 3771 libi

269 3791 346 3851 nihil
365 3789 471 3869 reliqui
493 3788 554 3852 fieti
575 3792 611 3850 ad
633 3790 708 3852 recle
729 3789 960 3867 consulendum,
988 3792 1018 3854 in
1049 3811 1107 3873 quo
1130 3792 1226 3853 eiad.

1126 3892 1187 3931 rno-
