3034 4559
320 434 395 494 162⁹
536 430 585 491 IN
602 428 789 490 ANDREAE
805 430 974 490 ALCIATI

321 515 383 573 Aut
404 509 455 572 iste
475 511 565 573 homo
584 509 633 571 fibi
654 508 690 570 ad
707 507 877 569 sententiam
897 509 1006 584 suam,
1032 506 1113 591 quod
1133 506 1241 572 salsum

280 592 351 665 est,
381 589 522 672 effingit,
541 607 583 651 ut
612 589 644 650 in
672 586 751 647 tabas
777 588 918 668 prolatis,
946 604 997 650 aut
1026 590 1117 649 etiam
1152 606 1241 670 negat

176 734 179 739 ,
282 670 430 753 reperirl,
478 670 534 731 uod
563 668 641 731 suum
672 667 844 729 sententiam
865 667 1014 730 destruat:
1043 684 1076 729 ut
1106 667 1240 730 illudio

279 773 308 829 4
339 749 395 811 Dis
410 691 580 811 uncilenum
609 768 671 839 cap.
700 748 767 809 XV.
798 747 847 809 ubi
877 767 913 807 ne
952 747 1052 820 tdis,
1075 766 1128 826 pro
1149 747 1243 808 divite

279 831 357 912 apud
430 829 507 891 rinos
536 830 680 909 reperiri,
710 827 791 893 cuius
812 826 898 889 verba
913 767 978 887 liae
1000 824 1082 887 sunt.
1115 828 1242 887 Primum

278 912 313 970 id
339 906 374 968 ab
408 931 436 967 et
462 907 639 988 qnaefietim,
682 904 797 968 ubinam
829 906 955 985 gentium
998 906 1044 966 dis
1067 921 1119 985 pto
1148 907 1242 967 divite

271 986 410 1067 singulari
436 1010 543 1047 numero
571 988 600 1047 in
629 991 755 1054 Romana
774 986 873 1065 lingua
900 1007 933 1044 ex
962 986 1081 1045 omnium
1103 984 1158 1061 usu
1179 988 1242 1047 reci·

272 1068 390 1149 piatur?
422 1066 532 1147 inquo
553 1066 640 1147 nimis
663 1065 713 1127 fibi
735 1065 847 1138 sumit,
877 1065 943 1146 qui,
959 1084 1076 1125 omnem
1101 1064 1241 1127 Latinam

279 1147 412 1227 linguam
428 1145 457 1207 se
471 1147 582 1212 vidisse.
593 1144 761 1226 profitetur,
779 1163 846 1207 curn
863 1161 961 1206 tamen
981 1165 1040 1205 non
1061 1142 1170 1206 viderit
1184 1146 1241 1206 Te·

278 1226 407 1287 rentium
427 1226 460 1286 in
482 1226 647 1307 Adelphis,
668 1225 717 1287 ubi
738 1226 825 1285 ditem
845 1224 875 1286 in
896 1223 1033 1303 singulari
1049 1241 1174 1298 numero
1190 1244 1243 1304 pro

276 1306 369 1366 divite
389 1305 538 1385 protulit,
560 1325 628 1367 cum
648 1305 715 1367 ait:
744 1304 801 1366 Dis
821 1305 933 1383 q'nidem
952 1304 1041 1380 effes,
1064 1306 1186 1377 Demea,
1203 1303 1244 1365 sl·

276 1407 331 1445 rem
351 1402 428 1444 tuam
448 1383 654 1465 conflabiltffts.
675 1384 769 1446 Item:
788 1384 874 1445 dien
894 1382 976 1441 illum
994 1382 1045 1459 effe
1061 1397 1178 1461 oportet,
1236 1382 1247 1444 ⁹.

660 1459 1241 1601 a

279 1623 347 1685 tasse
367 1624 523 1685 Terentius
544 1625 576 1684 in
598 1624 712 1685 Latinis
734 1643 795 1684 nou
813 1621 852 1682 esl
867 1617 1124 1694 adnumerandus,
1154 1639 1241 1701 quem

277 1704 368 1764 aiam
383 1703 544 1784 Scipionis,
561 1719 590 1763 at
613 1724 648 1764 ue
664 1703 741 1780 Lelii
762 1695 967 1782 lingua'sunt,
982 1700 1034 1780 qui
1052 1699 1186 1762 locutum
1202 1698 1240 1760 es·

276 1782 305 1842 se
325 1781 520 1842 arbitrentur?
545 1781 579 1841 M
620 1782 726 1842 erarius
747 1782 756 1842 i
779 1782 838 1842 itur
861 1800 945 1860 agere
964 1777 1119 1852 debebat,
1146 1798 1239 1861 utque

275 1861 322 1922 ita
342 1859 397 1922 tibi
417 1859 530 1933 fidere,
560 1876 594 1922 ut
613 1877 729 1922 caeteros
751 1801 866 1922 summo
885 1858 1067 1938 contemptui
1087 1856 1220 1935 halteret.

317 1938 465 2001 Postremo
485 1959 555 1999 vero
574 1939 716 2001 licemiam
732 1956 795 2002 tam
816 1939 847 2000 in
867 1938 1001 2013 bonam,
1023 1957 1114 2019 quam
1132 1937 1164 1997 in
1180 1957 1240 1998 ma·

275 2018 338 2079 lam
356 2033 470 2109 partem
490 2017 565 2081 reste
586 2016 713 2100 usurpari
756 2018 855 2080 robare
875 2033 1020 2079 conatur:
1041 2017 1071 2078 id
1094 2016 1178 2098 quod
1192 2036 1239 2079 ne·

275 2118 332 2181 que
353 2098 439 2179 ipse,
466 2118 561 2180 neque
581 2114 699 2160 centum
726 2040 898 2172 inemori,
926 2093 1037 2158 etiamsi
1058 2096 1114 2157 fint
1135 2095 1238 2169 aurei,

276 2178 329 2270 qui
351 2178 454 2239 omnia
481 2177 556 2259 posse
577 2179 740 2254 videntur,
771 2177 880 2239 efficere
940 2190 1053 2237 terunt.
1084 2175 1192 2257 Neque
1211 2194 1238 2235 e·

273 2278 339 2319 nrm
361 2256 496 2331 Cicero,
519 2278 611 2341 neque
632 2258 724 2320 caeteri
744 2256 814 2319 boni
835 2259 883 2318 Au
914 2275 976 2316 ores
996 2254 1056 2316 alio
1077 2256 1169 2317 modo
1189 2274 1238 2317 vo·

275 2357 309 2399 ce
329 2335 382 2397 illa
402 2353 551 2413 utuntur,
572 2339 714 2420 quamde
735 2337 832 2399 malo.
852 2336 927 2411 Quis
947 2334 1026 2395 enim
1048 2333 1237 2416 umquamin

273 2415 350 2479 tesle
370 2416 483 2496 agendo
502 2438 520 2478 a
539 2438 688 2500 quoquam
709 2418 849 2479 licentiam
869 2412 1027 2497 quareret?
1056 2416 1133 2488 Qua
1150 2412 1238 2475 hone·

275 2496 319 2557 ssa
341 2495 431 2570 sunt,
458 2497 592 2558 omnibus
623 2497 723 2577 suapte
744 2514 848 2558 natura
875 2493 1001 2557 concessa
1021 2493 1117 2554 sunt:
1145 2511 1236 2575 neque

275 2592 310 2637 tu
331 2595 471 2656 umquam
491 2597 509 2636 a
531 2596 595 2651 me,
617 2577 702 2652 Fili,
723 2576 797 2638 resle
819 2573 968 2636 licentiam
989 2590 1094 2654 petat,
1124 2587 1158 2634 ut
1176 2592 1236 2712 ppr-

276 2655 397 2714 mittam
421 2655 473 2714 tibi
493 2671 635 2729 agrotum
656 2656 784 2715 amicum
807 2654 921 2727 visere,
942 2653 1059 2714 Divinis
1082 2652 1175 2712 intere
1216 2690 1237 2725 -,

274 2732 383 2793 studere
405 2731 482 2793 bono
503 2733 578 2794 Viro
598 2734 699 2815 inique
720 2734 865 2813 oppresso,
881 2733 911 2793 δι
933 2730 1088 2793 incaeteris
1108 2730 1172 2799 ejus
1189 2750 1234 2812 ge·

273 2810 350 2871 neris
367 2852 377 2884 ,
396 2820 461 2892 qua
481 2811 583 2872 omnia
603 2834 621 2872 a
642 2828 671 2872 te
691 2812 752 2892 ipso
775 2810 930 2896 aequissime
951 2813 1042 2872 facere
1060 2825 1145 2904 potes
1162 2853 1172 2884 ,
1191 2829 1234 2871 ne·

274 2910 331 2971 que
351 2909 432 2969 ego,
454 2889 474 2951 fi
495 2890 524 2951 id
544 2887 579 2951 d'e
602 2911 648 2952 me
667 2912 777 2974 qoaeras
794 2935 803 2965 ‚
823 2890 936 2964 dicam,
956 2892 992 2951 do
1010 2889 1064 2951 tibi
1078 2890 1234 2965 licentiam,

273 2969 328 3031 nisi
349 2968 424 3030 mihi
440 2969 513 3032 illud
530 2966 659 3032 officium
679 2972 810 3055 aliquam
827 2970 897 3032 mali
914 2966 1102 3050 suspicionem
1119 2968 1233 3031 afferat:

274 3066 308 3112 ut
338 3049 370 3110 in
390 3050 510 3112 visendo
531 3051 653 3126 arnico,
681 3050 702 3112 si
723 3050 839 3114 morbus
868 3051 893 3113 is
914 3049 1095 3131 contagiosus
1124 3049 1158 3110 sir
1179 3092 1190 3123 ,
1215 3045 1232 3108 st

272 3129 351 3191 inter
367 3128 495 3191 eundum
516 3130 547 3191 in
569 3130 688 3213 aliquod
703 3131 865 3213 periculum
884 3130 1008 3192 incidere
1023 3127 1125 3209 possit.
1146 3127 1234 3201 Hac,

274 3208 306 3269 &
327 3223 427 3269 caetera
455 3211 532 3270 mala
553 3211 644 3287 sunt,
674 3232 738 3293 quae
759 3212 899 3271 licentiam
921 3229 1022 3271 vocem
1045 3207 1230 3280 admittunt,

272 3307 334 3349 non
354 3302 452 3347 autem
474 3288 583 3353 visendi
604 3293 706 3372 aegroti
726 3291 813 3353 amici
834 3288 981 3360 officium3
998 3303 1031 3349 ut
1053 3288 1168 3369 quoties
1186 3286 1230 3345 ha·

276 3363 356 3426 bebis
386 3384 437 3428 aut
468 3367 560 3444 dare,
587 3389 639 3432 aur
659 3388 754 3451 petere
775 3371 913 3431 licentiam
935 3368 970 3429 de
990 3388 1035 3441 re,
1056 3385 1121 3448 quae
1138 3364 1230 3428 videa·

273 3464 322 3509 tur
342 3443 443 3520 bona,
466 3446 575 3529 semper
594 3451 768 3512 extrinsecus
789 3446 899 3529 aliquid
923 3446 1033 3508 accidat
1055 3446 1147 3518 mali,
1165 3464 1230 3527 qua·

274 3546 305 3589 re
328 3526 358 3585 in
380 3524 431 3587 illa
451 3527 630 3607 permissione
659 3530 846 3604 dicamus,d0
867 3525 919 3586 tibi
939 3527 1096 3587 licentiam.
1125 3529 1229 3601 Quem

273 3604 430 3671 admodum
451 3606 553 3669 Cicero
573 3609 604 3668 in
625 3630 659 3670 eo
682 3610 745 3671 loco
765 3651 777 3685 ,
801 3627 888 3689 quem
910 3606 1023 3677 exejus
1044 3605 1160 3667 Officiis
1181 3600 1227 3664 Al·

271 3691 364 3752 clatus
392 3686 513 3750 adduxit
535 3709 544 3760 3
573 3710 626 3747 non
646 3711 748 3747 omnem
774 3688 865 3766 pteris
885 3687 1001 3747 ludendi
1021 3686 1162 3747 licentiam
1181 3684 1227 3744 dt·

272 3790 348 3830 mus.
367 3769 429 3845 Qui
450 3769 530 3832 locus
551 3768 594 3830 ita
615 3767 799 3849 exponendus
821 3767 876 3829 est:
900 3766 1149 3829 Nonconcedimns
1164 3780 1226 3858 ptr·

1153 3865 1191 3906 trs
