3034 4559
512 450 540 515 L
578 455 595 513 1
631 455 659 512 B
699 450 724 514 Ε
765 458 791 514 R
852 455 874 514 t.
1097 473 1109 518 r

212 537 292 597 ditus
313 531 372 607 esi,
391 548 426 595 ut
444 533 555 595 nullam
571 534 660 595 aliam
678 531 811 607 facilius,
833 532 944 596 nullam
961 534 1083 616 aptius',
1104 477 1171 601 riul-

212 614 267 675 lam
292 613 439 674 decentius
456 614 649 694 exprimeret,
669 630 756 693 atque
772 613 934 695 proferret.
963 614 1010 675 Ab
1031 636 1088 679 una
1106 618 1171 679 lite·

212 711 240 754 ra
260 694 297 754 ad
321 712 459 783 magnam
478 694 562 762 huius
584 693 755 775 eloquentiae
778 710 891 773 partem
909 694 1083 758 transeamus
1101 742 1108 758 .
1129 700 1172 758 Ο·

213 789 289 835 umet
309 773 355 835 illi
374 770 425 852 rpfi
449 773 635 836 Demostheni
653 772 715 833 vim
733 772 765 833 in
783 772 903 835 dicendo
925 794 943 835 a
958 793 1063 837 natura
1080 776 1173 839 tribu·

214 868 271 914 tam
292 853 344 912 esse
360 852 483 913 dieunt.
512 852 606 914 Hicsr
631 852 660 912 in
677 873 711 913 eo
728 868 844 913 tantum
874 870 981 915 naturae
998 852 1074 916 bono
1101 854 1173 918 sese

215 931 430 1006 continuisset,
457 949 550 1014 neque
567 932 607 993 ad
624 948 716 993 artem
738 933 770 992 in
790 934 899 993 caeteris
920 932 1048 1014 partibus
1068 935 1177 998 Orato-

214 1013 261 1075 riis
285 1010 437 1085 mansisset,
458 1025 488 1071 at
510 1031 545 1073 ue
555 1010 581 1073 se
589 1010 784 1086 confinxisset,
804 1032 964 1094 numquam
972 1033 1040 1075 eum
1057 1014 1173 1090 locum,
1199 1039 1202 1044 >

233 1112 301 1155 uem
320 1091 448 1172 primum
465 1091 503 1151 ha
523 1091 567 1153 uit
588 1091 663 1152 inter
681 1093 837 1166 Oratores,
856 1108 916 1153 tam
932 1091 1015 1155 facile
1034 1093 1174 1156 obtinuis-

213 1107 276 1236 iet.
310 1172 393 1233 Nam
414 1169 466 1231 nist
486 1192 504 1231 a
524 1170 650 1233 naturali
671 1170 723 1232 illa
743 1170 794 1233 sua
814 1171 927 1233 dicendi
945 1172 1001 1247 vi,
1023 1190 1110 1255 atque
1126 1194 1176 1235 ve·

214 1251 365 1316 hementia
387 1250 422 1311 ad
445 1250 556 1325 lenius,
579 1271 612 1311 ac
633 1249 771 1312 remissius
792 1271 906 1331 genus,
927 1254 1042 1334 quoties
1064 1274 1107 1314 res
1125 1272 1176 1333 po-

214 1332 332 1395 stularet
350 1374 361 1404 ,
382 1349 461 1412 aeque
481 1329 665 1404 descendere,
686 1351 719 1391 ac
734 1330 846 1392 dicendi
868 1329 941 1390 faces
962 1332 1025 1392 illas
1047 1332 1175 1394 remitte·

213 1429 240 1476 re
259 1408 420 1485 didicisset,
442 1429 565 1490 eamque
586 1408 695 1489 semper
715 1409 814 1471 audire
834 1408 983 1484 voluisset,
1002 1431 1095 1492 neque
1112 1432 1174 1472 um·

214 1506 303 1575 quam
321 1488 359 1550 ad
376 1486 526 1552 lenitatem
544 1489 688 1550 imitando
703 1488 758 1550 sese
775 1488 956 1563 excoluisset,
976 1489 1177 1572 prosedlogra·

215 1569 477 1634 tissimus-Orator
498 1569 634 1631 extitisset
653 1589 662 1639 3
683 1588 786 1629 verum
808 1587 967 1650 numquam
991 1570 1176 1650 primus,.ac

215 1648 382 1733 perseslus.
405 1649 518 1711 Contra
538 1669 609 1711 vero
631 1649 775 1711 AEschines
792 1694 802 1725 ‚
822 1649 843 1709 s1
863 1668 953 1731 quam
976 1648 1078 1711 habuit
1095 1671 1113 1711 a
1128 1671 1178 1711 na·

216 1746 278 1793 tura
297 1727 415 1791 dicendi
448 1728 649 1804 suavitatem,
679 1729 710 1789 in
737 1748 771 1788 ea
788 1729 815 1789 se
830 1744 956 1790 tantum
972 1730 1180 1804 continuisset,

214 1827 306 1892 neque
327 1805 435 1870 lortius
467 1807 540 1869 illud
562 1809 819 1870 Demosthenicum
845 1808 958 1869 dicendi
981 1829 1072 1890 genus
1093 1810 1181 1870 inter·

217 1888 286 1952 dum
305 1886 374 1949 esset
394 1888 553 1964 imitatus,
582 1888 613 1949 ἃ
634 1887 692 1968 ipse
712 1888 803 1949 altera
832 1888 1092 1968 Oratotisoptimi
1118 1908 1181 1969 par·

218 1983 245 2031 te
264 1965 421 2039 caruisset3
450 1987 544 2107 neque
569 1984 630 2029 tam
646 1967 760 2029 sortasse
786 1968 906 2043 suavis,
927 1988 1015 2050 quam
1041 1970 1131 2029 etiam
1152 1988 1181 2029 e·

217 2047 345 2121 lumbis,
367 2068 400 2109 ac
416 2044 484 2128 frigi
506 2046 604 2126 aejus
625 2048 719 2108 oratio
734 2046 836 2109 sentiri
852 2049 1002 2129 potuillet.
1024 2047 1127 2109 Verbis
1143 2043 1182 2108 es-

220 2124 397 2189 servescebat
411 2126 552 2217 Sulpitius
570 2126 731 2188 adolescens
749 2171 758 2201 ,
789 2147 822 2189 ac
837 2127 926 2207 paulo
949 2127 1038 2190 etiam
1056 2128 1181 2188 nimium

223 2205 417 2268 redundabat.
438 2208 469 2267 Si
486 2207 517 2268 in
535 2227 569 2267 ea
585 2207 740 2268 verborum
756 2206 872 2268 luxuria
887 2206 1080 2287 perseverasset
1097 2208 1128 2266 in
1139 2227 1182 2266 re·

218 2286 298 2370 liqua
318 2286 412 2349 etiam
435 2301 536 2360 aetate,
557 2286 627 2346 idei
649 2286 779 2346 maximo
802 2286 877 2346 vitio
898 2285 1103 2346 datumesset.
1126 2285 1182 2346 Hic

218 2366 344 2432 Antonii
363 2364 483 2429 consilio
501 2365 538 2428 ad
553 2364 684 2427 Crassum
703 2364 729 2425 se
746 2364 895 2439 contulit,
916 2383 982 2424 eum
1006 2383 1040 2424 ue
1063 2364 1099 2425 sic
1121 2365 1183 2425 ani·

220 2463 292 2521 mo,
316 2445 348 2507 δι
366 2461 464 2507 mente
480 2465 545 2507 com
569 2444 648 2505 lexus
665 2443 704 2505 est
719 2487 728 2518 ,
751 2461 784 2504 ut
800 2443 879 2514 brevi
896 2464 930 2505 eo
947 2383 1040 2505 dubio
1057 2487 1066 2517 ,
1095 2460 1184 2525 atque

220 2526 387 2589 imitatione
407 2525 441 2587 id·
454 2525 537 2586 dicen
558 2525 567 2584 i
585 2544 701 2604 genus,
729 2522 808 2603 quod
824 2524 851 2585 ei
876 2522 1008 2585 naturale
1025 2539 1085 2586 erat
1105 2568 1114 2598 ,
1143 2522 1185 2584 la·

218 2623 315 2680 auru,
348 2622 438 2689 atque
460 2604 652 2681 redundans,
679 2604 811 2683 amplum
829 2648 839 2679 ‚
860 2623 893 2664 ac
913 2602 1102 2683 magnificum
1124 2622 1187 2683 per·

222 2684 346 2761 iecerit,
373 2683 454 2768 quod
475 2702 638 2767 numquam
661 2683 738 2745 solus
761 2681 918 2759 effecisset.
947 2685 1028 2746 Nam
1070 2683 1127 2745 uod
1148 2682 1186 2744 ad

220 2765 361 2827 Cesaram
382 2765 489 2828 attinet
507 2808 517 2838 ,
546 2784 589 2824 res
605 2763 724 2854 quidem
746 2762 772 2824 se
793 2763 829 2825 stc
849 2762 960 2825 habet.
989 2762 1042 2825 Sed
1085 2762 1186 2825 unci·

222 2845 328 2984 psum,
358 2864 466 2907 cuma
495 2843 622 2904 naturali
646 2842 697 2903 illa
716 2840 872 2906 festivitate
902 2843 952 2904 sua
979 2842 1120 2925 nusquam
1142 2841 1186 2902 di·

233 2923 362 2995 cederet3
384 2923 494 3006 quippe
513 2922 564 3005 qui
587 2922 787 3002 inTragoedia
806 2942 925 3005 quoque
945 2922 1018 2984 lenis
1033 2922 1085 2983 esse
1102 2941 1186 3001 coge·

222 3017 298 3064 retur
315 3021 325 3073 3
347 3019 382 3065 ut
398 3005 555 3064 Oratorem
577 3001 635 3063 sme
656 3002 779 3077 nervis,
800 3023 834 3064 ac
849 3021 952 3082 parum
971 3022 1090 3081 gravem
1108 3000 1185 3062 idem

221 3081 324 3143 Cicero
347 3099 450 3144 notare
466 3101 527 3142 non
543 3081 708 3143 dubitavit.
731 3081 823 3143 Cotta
844 3102 916 3142 vero
936 3080 994 3150 iarn
1015 3096 1086 3142 natu
1102 3099 1189 3162 gran·

224 3159 285 3224 dior
304 3162 342 3223 ad
374 3162 498 3224 Antonii
520 3161 721 3228 imitationem
752 3160 779 3222 se
808 3159 957 3222 contulit.
987 3161 1031 3222 De
1058 3159 1186 3221 Curione

224 3257 320 3302 autem
341 3241 413 3324 quid
434 3242 561 3380 amplius
587 3240 709 3314 dicam,
737 3260 827 3320 quam
851 3260 946 3314 eum,
975 3256 1075 3331 prater
1094 3258 1187 3305 unum

222 3320 375 3383 verborum
396 3320 476 3402 splen
498 3339 605 3395 orem,
634 3318 710 3380 nihil
731 3319 865 3383 Oratoris
894 3318 1048 3383 habuisse?
1078 3320 1188 3402 quique

289 3421 307 3462 e
327 3398 454 3463 infinitis
475 3400 556 3461 vitiis
577 3398 723 3460 laboravit
742 3419 751 3469 3
781 3420 847 3462 cum
869 3421 962 3491 neque
985 3417 1083 3462 tamen
1105 3419 1140 3461 eo
1156 3398 1189 3458 in

252 3489 288 3541 'o
310 3479 335 3541 is
358 3479 392 3542 sit
412 3479 543 3554 Cicero,
572 3480 624 3561 qui
645 3478 806 3540 Curionem
827 3502 888 3542 non
909 3480 1081 3562 improbat,
1110 3476 1189 3559 quod

226 3575 331 3648 parum
349 3575 532 3642 quemquam
554 3558 737 3628 imitaretur3
759 3558 805 3619 sed
829 3561 993 3635 Antonius,
1011 3559 1064 3641 qui
1086 3577 1120 3617 ex
1141 3556 1191 3616 sua

225 3637 263 3700 td·
276 3655 375 3719 ageret
396 3655 505 3699 natutae
525 3636 776 3699 dissimulatione.
805 3639 894 3713 Quod
915 3656 1012 3701 autem
1034 3636 1071 3697 ad
1096 3636 1194 3695 Antoa

225 3718 310 3779 nium
331 3717 426 3800 ipsum
448 3719 582 3791 attinet,
611 3716 688 3778 nihil
709 3716 790 3778 aliud
813 3712 1120 3803 dicam,.nis1quod
1142 3712 1192 3773 do

223 3796 416 3864 stiffimorum
439 3796 594 3859 bominum
616 3795 793 3872 sententiis,
823 3818 856 3859 ac
878 3796 988 3882 scriptis
1006 3812 1134 3857 maxime
1150 3792 1192 3857 ‚est

219 3945 221 3950 ,
265 3895 282 3919 ²
304 3879 386 3938 Tam.
409 3878 459 3935 ΙΙΙ.
789 3876 811 3939 Β
1078 3893 1163 3935 cum·
