3034 4559
581 426 918 498 nutum
1135 450 1195 518 m

273 512 392 576 fluetus
406 508 601 591 puerilitatem
620 507 702 593 qu'ali
719 514 754 573 de
776 512 912 591 industria
924 507 1077 589 filiatum,
1172 531 1232 598 177

270 592 415 669 Henetus,
445 594 483 654 (θ’
506 592 651 652 Terentius
678 612 711 651 ex
731 593 830 653 Grecis
843 591 955 672 fabulis
974 595 1044 656 locos
1062 591 1176 677 integros
1196 602 1229 658 itt

286 673 372 751 „suas
392 674 508 734 Latinas
523 670 640 751 fabulas
658 671 872 747 transtulerunt.
1002 704 1006 710 ·
1186 695 1226 755 45

269 754 345 838 Q
358 750 451 831 plures
472 754 688 827 commendant,
717 768 750 812 ut
761 751 916 833 plurimum
933 748 1118 834 probabiliora
1138 754 1232 833 sunt.

319 852 336 893 1·
361 849 385 892 1.

271 851 356 972 Puri
369 908 424 986 sibi
442 910 554 992 magis,
574 931 659 994 quant
674 911 795 985 Orator,
815 905 928 973 liberam
948 912 1019 978 artis
1034 911 1232 992 institutionem

284 991 468 1067 .·venditat,
488 1010 520 1051 ut
536 993 631 1054 videre
644 992 685 1067 est
699 992 729 1051 in
746 992 875 1072 Virgilio.
1133 1013 1182 1074 77.
1191 993 1233 1074 78

272 1069 402 1140 Rlurium
421 1071 526 1131 omnino
547 1117 556 1149 ‚
581 1093 666 1153 quam
681 1087 856 1152 paucorum,
879 1069 947 1153 plus
967 1070 1046 1133 valet
1066 1072 1232 1152 sententia,

286 1164 394 1231 ,atque
417 1146 580 1228 eonsenfio.¹
711 1167 715 1180 ··
1175 1165 1232 1233 171¹

271 1228 359 1300 Poeta
379 1231 468 1311 magis
487 1232 588 1311 nasci,
610 1252 694 1313 quam
707 1227 773 1305 fieti
784 1277 794 1309 ‚
813 1230 919 1308 solent.
967 1286 971 1294 ‚
995 1263 1028 1290 ..2
1195 1249 1232 1293 21

273 1309 364 1377 Poetis
389 1311 503 1391 qumodo
519 1310 602 1373 'liceat
629 1313 714 1373 etiant
733 1311 763 1374 in
780 1311 880 1374 modio
898 1309 983 1392 operis
1002 1309 1142 1373 monilium
1162 1356 1172 1388 ,
1193 1310 1234 1375 (θ’

315 1406 392 1471 opem
412 1391 554 1453 invocare.
1191 1391 1229 1469 83

275 1474 303 1531 A
325 1470 432 1545 Poetis,
454 1471 492 1532 (y
513 1468 671 1535 Oratoribus
692 1490 733 1533 res
753 1492 787 1531 ex
806 1469 918 1532 attede
938 1469 1237 1548 industria'invertun·

313 1568 376 1624 tur,
397 1572 429 1611 at
446 1551 598 1632 prepostere
618 1569 753 1631 aguntur.
1016 1604 1020 1610 .
1122 1552 1171 1631 76.
1194 1565 1236 1629 77

275 1626 483 1696 DePolitiani-
495 1630 612 1695 diblione
632 1631 785 1712 judicium.
1092 1664 1095 1668 ·
1196 1629 1247 1697 18,

274 1707 431 1775 Minimus
446 1709 624 1788 scientiarum
647 1713 767 1773 omniunt
782 1705 972 1789 peritiffimur.
1176 1729 1238 1785 190

274 1788 343 1847 Pom
361 1789 423 1870 ejus
444 1788 661 1873 reprehenditur.
1083 1787 1150 1852 ibid.
1171 1787 1235 1852 &a

274 1867 327 1927 Pol
340 1865 366 1926 io
380 1884 498 1951 puerum
517 1869 551 1932 ob
570 1873 642 1949 vasa
666 1870 785 1955 pretiosa
804 1870 919 1933 contrita
949 1866 1026 1950 inffit
1045 1873 1169 1933 murenis
1189 1870 1238 1929 vi-

313 1970 383 2007 vum
404 1948 434 2009 in
449 1949 586 2031 pifiinam
607 1952 735 2019 demitti,
1295 1967 1297 1972 “

274 2025 397 2087 Pontani
416 2026 533 2090 laudes.

275 2107 322 2169 De
340 2106 464 2171 Romano
484 2107 634 2186 judicium.

274 2190 414 2266 Precepta
433 2185 599 2247 tradentium
615 2200 748 2268 perpetua
767 2186 884 2249 oratione
902 2186 1015 2249 laudes.

276 2264 421 2345 Praeceptis
441 2262 563 2326 omnibus
580 2266 702 2328 doblrina
721 2268 865 2329 convenit.

278 2344 458 2424 Precipiendi
477 2346 562 2421 ratio,
584 2345 623 2408 Θ
639 2348 691 2407 via
706 2346 873 2427 multiplex,
894 2346 932 2409 (θ’
947 2344 1047 2405 varia.
1084 2361 1187 2424 71.72.
1198 2364 1235 2425 73

277 2421 429 2505 Praeposttio
450 2423 546 2488 versus
559 2425 665 2506 semper
679 2426 862 2507 postponitur.
1180 2427 1240 2503 164

276 2502 473 2585 Praepoſstiones
492 2505 523 2566 in
538 2504 603 2583 suis
621 2506 816 2588 comparativis
830 2506 985 2586 formandis
1005 2504 1038 2566 ‘in
1056 2503 1240 2567 erius'termi-

316 2602 386 2647 nant
403 2606 492 2647 omnes
509 2630 519 2663 ‚
538 2604 571 2647 ut
591 2583 654 2670 post
674 2582 839 2669 posterius,
858 2580 934 2646 infra
953 2582 1072 2648 inferius
1092 2586 1153 2647 (te.
1181 2603 1242 2647 uns

325 2684 450 2743 rantum,
471 2688 530 2761 que
549 2665 585 2760 el?
605 2686 715 2749 propen
730 2668 804 2747 facit
824 2664 957 2749 propius.
973 2723 986 2732 ,,
1014 2721 1019 2728 .
1180 2665 1254 2745 164¹

280 2744 402 2809 Pratum
423 2770 470 2810 cur
489 2766 530 2808 tta
550 2746 670 2809 diblum.
1182 2762 1240 2823 159
1326 2799 1331 2805 .

279 2827 377 2888 Printe
394 2848 410 2886 s
429 2849 490 2907 que
504 2828 628 2911 prestare
649 2822 748 2890 debeat
776 2826 817 2888 ad
845 2819 1016 2904 fidelitatem
1034 2841 1052 2886 a
1072 2821 1245 2901 Conſsliariis

319 2908 543 2985 conequendam.
1184 2922 1240 2983 145

280 2985 420 3065 Principes
440 3006 569 3065 magnam
588 3006 679 3048 euram
698 2980 828 3045 adbibere
847 2979 960 3063 debent,
981 3000 1013 3045 ut
1031 2984 1062 3045 in
1075 2983 1139 3062 suis
1155 2984 1244 3046 civi-

318 3064 420 3127 tatibus
440 3066 578 3145 quoddam
599 3066 818 3138 Conſsliariorum
839 3067 1020 3127 Seminarium
1034 3064 1144 3142 serant.
1185 3083 1240 3143 143

280 3146 315 3210 Si
343 3168 362 3205 a
383 3143 560 3226 Principibus
587 3142 746 3217 Confiliarii
757 3144 853 3224 plures
877 3144 1087 3220 adhibeantur,
1109 3142 1181 3222 solet
1208 3143 1242 3203 id

322 3222 425 3301 consilii
439 3224 535 3284 multis
552 3223 701 3285 rationibus
717 3224 807 3304 magis
817 3222 941 3317 probarit
1095 3241 1161 3301 149.
1184 3240 1246 3301 150,

282 3305 420 3386 Principis
435 3304 561 3365 adulatio
577 3304 607 3362 in
623 3303 739 3378 confiliis
753 3320 859 3363 ommno
871 3304 1024 3384 fugienda«
1184 3321 1238 3381 151

280 3385 397 3446 Priulus
416 3386 447 3445 in
466 3384 585 3447 carmine
604 3385 768 3443 iiexametro
787 3384 939 3445 laudatus.
1203 3396 1239 3460 35

283 3466 457 3527 Procurator
476 3464 541 3546 quis
557 3460 610 3537 fit.
896 3536 902 3554 ἆ
1185 3478 1243 3540 157

281 3544 406 3608 Prolata
424 3564 467 3604 res
489 3565 614 3623 quanam
635 3540 762 3603 dicantur
782 3563 815 3599 ex
835 3542 961 3603 Aleratot
1186 3555 1240 3619 153

283 3623 453 3697 Prolatum,
466 3622 529 3695 five
551 3645 592 3683 res
613 3620 727 3701 prolata
748 3621 820 3701 quid
833 3620 981 3701 fignifieets
1185 3637 1244 3697 154

283 3707 331 3765 De
350 3704 485 3781 Propertio
505 3703 657 3781 judicium«
1073 3755 1076 3762 ,
1205 3715 1240 3774 35

285 3782 434 3844 Proverbia
453 3781 571 3841 Latina.
813 3857 842 3922 R
1135 3777 1180 3914 Ξᾷξέ.
1204 3777 1243 3852 89

882 3878 900 3921 2
1168 3878 1207 3914 ro·
