3034 4559
768 480 847 556 84
1086 470 2195 539 ΒΕΙΜΙΤΑΤΙΟΝΕ

686 575 745 621 te
785 557 1118 639 quempiam
1165 557 1228 617 in
1270 554 1430 616 suam
1473 553 1715 615 domum
1771 552 1844 614 ad
1901 552 1954 614 se
1996 551 2311 615 liberaliter
2352 551 2610 632 accipere

688 638 897 719 cuique
928 635 1257 727 permissum
1280 635 1393 707 est3
1434 635 1501 695 in
1542 634 1831 709 alienam,
1873 632 1932 694 id
1974 632 2013 692 fi
2043 631 2226 694 facere
2265 630 2448 705 velit,
2492 652 2612 693 non

691 716 777 778 ita
810 761 823 776 .
881 718 975 778 Sic
1023 716 1289 795 Princeps
1324 759 1343 790 ‚
1402 716 1496 778 cui
1540 713 1715 774 libeat
1746 757 1764 785 ,
1821 712 2145 775 Civitatem
2188 710 2352 773 suam
2395 710 2626 772 donare*

729 796 938 869 oterit,
982 794 1230 857 alienam
1276 814 1396 855 non
1436 795 1682 874 poterit.
1727 792 1948 866 Caesar,
1991 792 2168 853 Maro
2202 837 2220 867 ,
2262 792 2488 872 quique
2528 810 2613 851 re·

706 875 832 958 -iqui
875 873 1089 936 alienas
1133 893 1301 936 voces
1343 873 1626 940 Romanis
1670 871 2067 946 adsciverunt,
2108 872 2170 931 in
2215 870 2376 930 suam
2423 871 2467 931 ii
2512 868 2617 931 do-

687 973 892 1029 mum,
935 953 995 1015 in
1039 952 1199 1016 suam
1245 952 1570 1015 Civitatem
1612 952 1743 1013 illas
1785 965 2164 1031 receperunt3
2227 970 2332 1010 nos
2378 965 2617 1025 autem,

734 1034 791 1094 ui
847 1032 1189 1114 jampridem
1229 1030 1368 1094 fasti
1410 1032 1602 1094 sumus
1662 1030 1994 1091 alieniflimi
2030 1075 2049 1106 ‚
2152 1046 2224 1091 ua
2284 1028 2344 1089 id
2387 1029 2618 1090 ratione

713 1131 870 1173 acere
913 1111 1251 1190 audebimus
1290 1111 1312 1173 ?
1372 1113 1455 1173 At
1516 1111 1740 1173 Latinae
1799 1110 2077 1172 orationis
2178 1111 2299 1171 ives
2343 1106 2483 1170 facti
2524 1109 2620 1171 su-

684 1211 849 1253 mus.
891 1190 1061 1253 Esto.
1104 1193 1269 1252 Num
1305 1209 1605 1273 propterea
1636 1192 1701 1251 in
1743 1209 1869 1250 eam
1904 1189 2050 1250 alios
2086 1190 2333 1269 recipere
2374 1188 2480 1267 ipsi
2509 1208 2616 1268 po-

685 1268 981 1333 terimus?
1039 1270 1213 1333 Certe
1257 1271 1509 1353 suffragii
1552 1268 1769 1332 ferendi
1809 1269 1898 1339 jus
1941 1289 2100 1330 novo
2141 1267 2371 1329 homini
2413 1287 2617 1329 conce-

686 1348 891 1426 detur,
931 1349 1213 1412 donandae
1254 1368 1450 1413 autem
1494 1349 1775 1413 Civitatis
1820 1369 1939 1412 non
1980 1349 2066 1410 ita
2103 1394 2116 1406 .
2157 1347 2441 1409 Praeterea
2478 1367 2620 1422 cur,

686 1428 728 1492 fi
770 1430 857 1491 ita
898 1428 1009 1505 est,
1054 1445 1145 1493 tot
1181 1452 1225 1493 ¹o
1271 1430 1401 1493 timi
1444 1429 1622 1492 Cives
1655 1473 1674 1505 ‚
1720 1445 1897 1510 atque
1939 1428 2081 1490 adeo
2122 1428 2408 1567 princiges
2453 1428 2619 1488 Lati·-

677 1528 775 1570 mae
817 1508 1097 1572 Civitatis
1140 1530 1220 1571 nu
1249 1509 1372 1571 lum
1417 1508 1658 1571 verbum
1701 1525 1915 1571 temere
1958 1509 2020 1568 in
2067 1508 2226 1568 suam
2344 1506 2619 1568 ivitatem

692 1588 1005 1650 admittere
1039 1587 1168 1649 sunt
1202 1588 1358 1650 ausi?
1393 1589 1793 1669 Navagerius,
1814 1586 2096 1663 Bembus,
2127 1585 2451 1659 SadoletuS,
2496 1587 2623 1647 Ro-

688 1667 923 1742 mulus,
967 1666 1350 1742 BonamicuS,
1386 1684 1542 1730 totus
1574 1667 1818 1749 denique
1848 1666 2089 1727 Senatus
2123 1666 2369 1726 Latinus
2405 1665 2476 1725 iis
2512 1686 2619 1726 vo-

685 1744 849 1807 cibus
894 1746 1105 1807 Latine
1150 1766 1185 1805 a
1226 1763 1383 1807 entes
1427 1752 1710 1820 utuntur}
1753 1764 1896 1826 quas
1938 1743 2069 1806 usus
2103 1789 2121 1819 ,
2160 1745 2222 1806 &
2262 1743 2620 1808 consuetudo

682 1824 977 1893 majorum
1019 1824 1097 1883 eis
1139 1766 1376 1906 re5iquit
1408 1869 1425 1897 ,
1487 1824 1709 1885 nullam
1767 1844 1987 1885 novam
2028 1825 2073 1885 ii
2115 1824 2186 1885 ad
2231 1825 2398 1885 istam
2444 1826 2619 1886 ratio-

687 1921 828 1962 nem
877 1900 1284 1964 admiscentes.
1326 1903 1485 1978 Quid
1529 1903 1708 1982 igitur
1749 1920 1882 1964 tuus
1921 1904 2024 1964 iste
2062 1904 2232 1965 Civis
2277 1905 2526 1966 Latinus
2552 1926 2620 1965 a·

737 1993 793 2040 et
839 1981 899 2040 in
945 1980 1015 2041 iis
1061 1979 1316 2064 utrisque
1362 1981 1524 2043 rebus
1567 1981 1928 2061 appellandis
1962 2027 1980 2057 ,
2043 1983 2082 2043 si
2138 1982 2330 2044 alteris
2389 1984 2619 2065 prorsus

780 2058 971 2122 tinum
1022 2080 1233 2122 nomen
1276 2060 1485 2122 adimis
1518 2105 1538 2137 ‚
1595 2060 1790 2122 alteris
1851 2061 2106 2123 nostrum
2149 2084 2267 2125 non
2308 2061 2616 2125 concedis?

681 2136 747 2200 Is
795 2138 856 2200 in
904 2160 963 2202 te
1005 2160 1161 2203 nova
1190 2139 1536 2221 appellanda
1581 2140 1836 2222 primum
1915 2160 2120 2216 uaeret,
2167 2142 2206 2202 fi
2247 2142 2389 2224 quid
2434 2139 2616 2205 simile

681 2216 839 2297 apud
881 2219 1125 2290 majores
1169 2216 1341 2282 fuerit
1374 2264 1393 2296 ‚
1440 2221 1598 2291 cuius
1644 2241 1858 2282 nornen
1946 2224 2038 2283 uic
2080 2243 2245 2283 novae
2286 2243 2618 2286 accommo-

685 2294 811 2358 dari
898 2299 1064 2370 offit3
1106 2315 1172 2361 ut
1213 2299 1276 2360 in
1318 2298 1614 2361 bombarda
1644 2345 1662 2375 ‚
1707 2322 1834 2383 quae
1874 2322 2009 2363 cum
2053 2301 2205 2383 apud
2247 2322 2354 2363 nos
2397 2302 2466 2363 fit
2510 2324 2616 2384 pae·

691 2396 769 2437 ne
811 2376 831 2436 i
874 2399 966 2439 em
1000 2423 1019 2453 ,
1079 2379 1237 2462 quod
1282 2380 1436 2460 apud
1480 2382 1722 2453 majores
1765 2379 1879 2443 fuit
1923 2398 2282 2443 tormentum
2324 2382 2613 2456 militare,

687 2459 970 2518 tormenti
1017 2459 1255 2519 nomine
1299 2480 1428 2519 earn
1470 2461 1756 2541 appellate
1802 2482 1921 2523 non
1962 2457 2250 2522 dubitabit
2287 2482 2304 2532 3
2367 2461 2512 2522 item
2555 2463 2615 2523 in

687 2532 1002 2614 horologio
1032 2580 1051 2610 ,
1095 2536 1132 2595 si
1177 2539 1421 2597 minime
1462 2539 1570 2599 hac
1614 2542 1804 2601 nostra
1840 2555 2148 2601 contentus
2195 2540 2265 2598 fit
2303 2559 2449 2599 voce
2482 2585 2501 2616 ‚
2546 2540 2618 2602 ad

685 2611 978 2675 Solarium
1012 2657 1030 2686 ,
1092 2623 1222 2696 qua!
1264 2631 1524 2675 veterum
1584 2616 1696 2677 fuit
1727 2659 1745 2691 ,
1805 2616 1971 2679 facile
2009 2616 2302 2694 confugiet
2343 2620 2510 2684 3·ita
2551 2622 2617 2680 in

688 2686 1007 2754 baetezzaro
1052 2733 1069 2760 ,
1129 2693 1345 2752 initiari
1381 2712 1398 2760 ;
1457 2694 1516 2754 in
1547 2693 1914 2768 scomunicare
1944 2737 1963 2767 ,
2021 2694 2186 2754 sacris
2242 2693 2621 2769 interdicere,-

691 2765 751 2826 in
792 2765 1129 2828 bombardar‘
1170 2791 1284 2828 una
1324 2787 1463 2828 terra
1497 2812 1515 2844 ,
1576 2769 1868 2832 verberare
1911 2771 2130 2833 Urbem
2161 2791 2177 2831 -:
2239 2791 2366 2852 quae
2411 2778 2618 2839 omnia

686 2859 906 2931 veteres
953 2846 1012 2908 in
1056 2844 1224 2910 ssmili
1270 2847 1615 2930 usurparunt
1647 2892 1662 2909 .
1722 2850 1782 2911 Si
1840 2870 1981 2912 vero
2027 2873 2061 2912 a
2103 2849 2412 2921 majoribus
2461 2854 2519 2915 id
2562 2857 2617 2919 ei

691 2923 936 2988 deluerit
1021 2926 1214 2990 raefidii
1249 2971 1267 3000 ‚
1326 2943 1452 2990 tum
1511 2930 1593 2990 rei
1650 2927 2101 3012 circumscriptio
2144 2932 2343 3013 praesto
2389 2934 2612 3007 aderit;

697 3003 1030 3094 periphtais
1089 3005 1372 3092 nusquam
1430 3007 1656 3071 deerit:
1720 3028 1786 3073 ut
1820 3055 1839 3085 ,
1895 3011 1934 3072 fi
1996 3012 2085 3073 illi
2144 3012 2473 3074 cavedonem
2547 3016 2614 3077 fit

696 3083 1193 3176 dicendum.eum
1242 3088 1325 3151 ita
1369 3088 1720 3170 explicabit,
1763 3092 1833 3151 tri
1918 3090 2051 3153 dem
2097 3091 2446 3166 focularem,
2491 3114 2612 3177 quo

694 3179 920 3230 utimur
963 3167 1033 3230 ad
1076 3166 1239 3253 ligna
1280 3166 1652 3233 sustinenda:
1712 3170 1750 3231 fi
1801 3112 2020 3250 &aaa
2052 3216 2071 3245 ‚
2128 3172 2610 3250 instrumentum,

691 3264 815 3340 qun
859 3242 1028 3332 pedes
1072 3248 1303 3311 lullinet
1344 3268 1513 3331 eques
1549 3270 1562 3311 :
1625 3250 1664 3312 ss
1706 3268 2029 3331 campanam
2060 3294 2080 3324 ,
2122 3272 2225 3313 vas
2268 3270 2487 3312 aeneum
2535 3255 2614 3315 al-

695 3327 911 3397 tlslimu
951 3328 1016 3391 in
1056 3330 1188 3419 lqcu
1232 3327 1503 3415 posituram,
1548 3332 1708 3402 cujus
1743 3330 2094 3392 creberrimis
2139 3329 2345 3391 iffibus
2390 3332 2613 3413 aliquid

695 3407 756 3487 ln
811 3403 1032 3495 inqui:
1088 3408 1483 3486 figmine-atur:
1544 3409 1586 3472 fi
1647 3409 1923 3490 flampam
1957 3453 1975 3484 ,
2033 3425 2216 3470 artem
2259 3410 2609 3474 describendi

674 3512 681 3550 τ
781 3520 803 3547 ,ι
1012 3527 1028 3547 ψ
1060 3483 1128 3547 ln
1164 3507 1220 3547 rr:
1256 3507 1392 3547 vero
1424 3488 1641 3558 veteri,
1670 3508 1795 3570 quae
1827 3488 2002 3568 longe
2034 3491 2272 3550 nomine
2307 3491 2427 3551 alio
2460 3513 2612 3554 nunc

794 3633 837 3651 ⁴,
869 3583 972 3639 uf,
1012 3563 1388 3660 upflwllnmht,
1432 3582 1492 3628 ut
1529 3567 1589 3626 la
1630 3588 1851 3646 vongo,
1893 3590 1922 3626 o
1999 3568 2198 3643 eleeto,
2241 3570 2300 3627 la
2332 3570 2611 3647 macchia,

743 3651 747 3655 ”
808 3667 834 3717 .’;Δ
1000 3687 1020 3724 3
1056 3652 1104 3704 .ιί
1143 3640 1360 3717 fixum
1380 3687 1396 3715 ,
1440 3646 1484 3704 r'l
1512 3645 1682 3722 βων·
1717 3649 1778 3706 la
1820 3647 1927 3706 Ρη·
1965 3647 2052 3709 ica
2080 3692 2098 3721 ,
2138 3647 2615 3726 contrabandiero,

814 3728 1028 3810 73⁰⁰*
1064 3729 1180 3814 rius
1224 3723 1444 3812 generis
1485 3724 1933 3790 innumerabilia
1963 3770 1982 3800 ,
2023 3748 2183 3790 meus
2225 3729 2483 3808 primum
2530 3730 2612 3791 di-

911 3837 931 3860 ιι
980 3800 1344 3887 investigabit
1388 3843 1408 3879 ,
1465 3802 1508 3870 si
1549 3807 1833 3876 Latinum
1871 3825 2089 3871 nomen
2128 3806 2396 3871 alicunde
2439 3809 2615 3887 poffit

2370 3906 2535 3948 erue-
