3034 4559
397 372 535 455 ‘uocet
554 372 767 456 Queruntur
781 371 961 443 mittut
970 418 978 433 .
1081 389 1136 453 155

218 443 338 525 ,lualiud
356 451 583 532 teinpuraliquid
599 456 720 530 rejicere,
742 470 774 514 ut
783 454 897 530 proferre
904 453 994 526 diem,
1014 453 1176 530 iudicium,

170 599 172 618 .
231 549 306 609 rem,
326 533 359 593 δι
375 532 470 593 multa
483 533 567 593 alia.
596 534 637 593 Ut
662 533 747 613 plane
766 532 888 606 videas,
917 532 988 614 quid
1012 533 1045 593 stt
1064 536 1179 613 proferre

169 633 171 642 ⁴
229 633 299 688 rem,
319 612 352 672 δι
372 634 413 671 res
425 612 550 696 prolatas
571 613 640 685 elle,
662 633 729 673 cum
750 610 856 682 judicia
877 612 937 693 ipsa
951 612 1117 687 tolluntur,
1146 632 1180 677 ac

230 690 334 754 Praetor
356 711 375 751 a
395 691 462 762 Jure
483 692 609 753 dicundo
630 695 727 753 cellat.

260 773 342 833 Cum
358 790 428 831 vero
444 770 569 839 ejusdem
585 772 652 832 libri
668 791 729 851 cap.
742 791 787 832 10.
808 769 929 834 Vallam
950 769 1079 845 accusat,
1099 767 1178 853 quod

226 849 330 912 dixerit
351 852 466 909 alterum
486 850 522 911 de
541 852 677 923 duobus,
700 874 786 910 unum
807 872 874 913 vero
893 852 931 913 de
952 852 1080 932 pluribus
1103 852 1179 914 usur·

223 932 302 1011 pari,
324 926 444 991 Calatis
467 932 633 1011 exemplum
654 929 800 1007 afferens,
821 934 871 1013 qui
893 932 968 993 dixit
989 932 1019 993 in
1040 930 1178 994 divisione

223 1011 346 1083 Galbae,
368 1009 466 1070 Gallia
481 1012 579 1088 divisit
595 1012 631 1086 eli
646 1012 676 1070 iu
688 1030 782 1093 partes
797 1031 866 1086 tres,
887 1034 1003 1091 quatum
1018 1013 1180 1072 unaminct·

225 1089 285 1150 luut
302 1090 412 1168 Belga,
433 1091 520 1149 uliam
535 1091 699 1169 Aquitani,
719 1093 826 1153 tertiam
843 1094 928 1151 Celtae
949 1134 957 1151 .
978 1090 1037 1151 Ubi
1056 1090 1177 1152 secundo

225 1168 253 1230 in
274 1168 345 1229 loco
370 1169 455 1227 aliam
478 1169 579 1245 dixit,
609 1190 668 1232 non
688 1174 829 1231 alteram.
861 1170 925 1251 Ego
953 1170 990 1233 lic
1015 1170 1177 1250 intelligo,

224 1248 496 1312 Grammaticorum
513 1249 568 1310 hoc
587 1248 618 1310 in
634 1250 700 1314 loco
719 1249 774 1312 elle
795 1251 983 1325 sententiam,
1004 1266 1037 1311 ur
1045 1270 1111 1311 cunt
1120 1248 1180 1310 duo

224 1341 343 1390 tantum
363 1328 600 1408 propofitasunr,
622 1349 674 1410 pro
688 1330 810 1407 secundo
827 1329 1075 1410 impendiorum,
1096 1347 1180 1388 nunt·

223 1406 456 1491 quamaliumlit
471 1408 803 1485 dicendum,utCaesar,
823 1407 1033 1488 &Pompeius,
1053 1425 1179 1489 quorum

221 1488 299 1549 alter
304 1487 454 1548 neminem
464 1487 512 1547 sibi
515 1507 618 1627 (parem
628 1533 637 1564 ‚
647 1490 720 1551 alter
729 1489 901 1571 superiorem
909 1487 980 1548 ferre
989 1504 1048 1548 nou
1057 1502 1184 1566 poterat.

220 1570 324 1646 Quam
334 1564 507 1627 sententiam
544 1569 619 1629 icero
627 1569 788 1643 confirmat,
796 1586 862 1630 curn
871 1569 913 1629 ait
922 1568 952 1628 in
960 1566 1115 1640 Tuscudp.
1125 1568 1180 1626 Ne·

220 1667 251 1707 ue
275 1646 419 1724 eesleuim
426 1646 584 1723 alterumfit
598 1648 765 1719 decluobus3
785 1648 861 1709 dixit
877 1647 992 1707 alterum
1007 1645 1178 1708 nonulium.

221 1759 224 1769 ·
253 1744 338 1787 erum
347 1743 413 1785 cum
422 1723 516 1788 multa
531 1729 675 1808 proposita
682 1728 766 1805 sunt,
782 1728 841 1790 alia
848 1729 922 1790 ratio
930 1726 985 1803 est,
1006 1725 1181 1789 utetiantse·

219 1806 321 1867 tundo
342 1804 374 1864 in
395 1804 476 1880 loco,
497 1806 641 1882 alterum,
660 1808 691 1871 δι
707 1810 816 1883 aliurn,
835 1825 867 1869 ut
882 1807 963 1869 nobis
981 1808 1075 1889 magis
1091 1806 1179 1881 libet,

220 1883 296 1947 telle
311 1882 461 1959 dicamus,
480 1886 510 1947 ἃ
521 1899 560 1948 'ut
575 1888 669 1949 Caesar
684 1888 720 1948 in·
733 1890 805 1964 alio,
827 1888 862 1949 lic
877 1888 980 1949 Cicero
994 1889 1026 1948 in
1046 1888 1130 1947 altero
1141 1883 1180 1946 fe·

220 1966 281 2042 eit,
299 1980 370 2026 cum
388 1964 431 2025 ait
446 1966 679 2041 in'Antonium,
700 1968 784 2046 quia,
804 1987 836 2026 ut
852 1966 899 2026 illi
915 1968 1077 2041 voluerunt,
1098 1963 1180 2026 liber·

221 2062 307 2105 tatem
323 2060 384 2123 pax
398 2044 620 2124 consequebatur,
639 2047 762 2128 proximo
781 2047 882 2121 alteru,
902 2047 996 2121 tertio,
1015 2048 1133 2124 denique
1140 2067 1179 2104 rer

222 2124 313 2204 liquit
325 2122 471 2199 consecutis
486 2121 584 2185 diebus
601 2149 653 2186 nou
670 2124 886 2185 intermittebas.
915 2125 973 2186 Ubi
989 2126 1105 2183 alterum
1128 2143 1181 2201 po-

222 2202 302 2279 suit,
323 2221 384 2263 non
399 2220 498 2264 autem
518 2206 630 2265 alium.
653 2205 744 2267 Utin
766 2203 889 2265 'luribus
907 2203 1065 2267 distributis
1082 2202 1179 2263 secun·

221 2280 264 2345 do
280 2283 312 2349 in
328 2282 412 2358 loco,
433 2284 520 2345 modo
542 2284 682 2359 secundo,
701 2305 731 2345 m
773 2281 875 2356 oalio,
895 2283 983 2343 modo
998 2282 1106 2357 altero,
1127 2301 1180 2341 no·

222 2362 280 2424 ilio
300 2360 443 2424 arbitratu
471 2364 515 2425 uti
536 2363 696 2443 possimus.
724 2361 820 2425 Cesset
841 2362 928 2424 modo
956 2362 1087 2423 Alciatus
1107 2361 1180 2423 illud

221 2440 316 2503 duum·
331 2435 461 2517 janue:
473 2444 523 2502 illo
537 2445 591 2520 sed
607 2445 728 2505 nondum
743 2459 857 2523 tempore
870 2441 964 2521 salius
978 2459 1051 2501 erat.

204 2541 207 2545 ⁴
263 2520 449 2601 lnstptimo
477 2543 544 2584 vero
565 2521 613 2583 lilu
636 2543 699 2605 cap.
715 2546 761 2584 20.
790 2523 931 2605 particula
947 2522 1050 2603 partim
1078 2536 1180 2584 contra

224 2599 326 2662 -Budici
345 2600 550 2662 coneilionem
571 2619 694 2665 conatur
713 2602 831 2686 probare
851 2624 912 2664 non
933 2604 1042 2683 semper
1057 2599 1180 2675 iterari,

223 2680 272 2749 sed
288 2679 380 2740 solam
398 2680 542 2742 interdum
559 2684 628 2763 poni
645 2681 734 2746 solete
751 2729 760 2762 ,
782 2701 815 2748 ut
831 2684 907 2765 apud
933 2682 1127 2763 Pomponium
1149 2701 1181 2741 u-

223 2758 387 2849 surpatur.
405 2760 475 2835 Quo
491 2762 521 2821 in
546 2761 612 2824 loco
628 2764 703 2824 mihi
724 2765 839 2827 videtur
855 2766 1000 2845 particula
1018 2761 1099 2823 usum
1122 2781 1181 2823 non

226 2838 295 2900 satis
312 2838 558 2916 animadvertisse,
578 2846 642 2925 quar
658 2844 709 2905 etsi
726 2865 784 2906 non
807 2846 988 2924 geminetur3
1011 2858 1110 2903 tamen
1131 2860 1182 2901 vo·

224 2938 287 2979 cern
305 2918 427 2979 alteram
450 2918 553 2980 habete
566 2940 661 3011 ,Uquae
678 2943 731 3003 pto
747 2925 852 3004 partim
871 2924 1052 3003 accipiatur,
1073 2921 1180 3073 ubipue

226 2997 360 3069 constat;
379 3019 413 3059 ac
425 3000 569 3061 'continuo
584 3021 615 3061 tn
637 3000 687 3062 suo
704 3004 822 3077 Hirtio,
844 3002 893 3063 ubi
910 3004 968 3062 ait:
990 3000 1063 3080 quod
1082 3001 1114 3058 ni
1124 3000 1154 3059 tl
1169 3032 1181 3045 -

223 3100 316 3138 curum
336 3078 434 3138 notitia
448 3080 548 3158 reliqui
555 3079 590 3155 se
603 3081 729 3160 texiffem
745 3127 754 3158 ,
772 3084 928 3163 partimque
943 3082 973 3141 iu
988 3102 1098 3155 naves,
1119 3079 1182 3158 qui·

224 3155 277 3215 bus
292 3154 402 3228 flumen
417 3157 598 3235 transierant,
619 3161 793 3241 receprffent,
819 3162 951 3240 funditus
974 3160 1058 3221 deleti
1073 3160 1155 3242 effem
1168 3204 1179 3219 .

226 3240 298 3313 Quo
326 3236 358 3297 in
384 3236 449 3299 loco
468 3239 589 3300 alteram
612 3240 827 3303 distributivam
856 3240 1010 3322 praecedere
1031 3241 1061 3303 itt
1081 3240 1181 3322 reliqui

225 3336 286 3377 non
303 3316 380 3377 vidit
403 3316 497 3380 bonus
521 3319 676 3383 Alciarus.
697 3322 758 3383 Fac
773 3324 852 3391 enim
870 3323 936 3383 ita:
957 3321 1031 3404 quod
1047 3320 1181 3395 uifiloco-

227 3418 287 3455 rum
305 3398 403 3456 notitia
421 3401 526 3479 purtim
542 3403 576 3478 fi
593 3401 744 3480 texrffent,
770 3404 900 3483 partim,
931 3402 992 3462 &a
1022 3402 1105 3463 Idem
1125 3400 1180 3461 erit

227 3474 321 3538 sensus
337 3497 347 3547 3
368 3491 402 3538 ut
421 3479 525 3559 reliqui
544 3501 596 3561 pto
617 3482 708 3543 altera
723 3482 829 3562 purtim
848 3480 881 3542 stt
902 3481 1049 3561 postoima
1076 3483 1182 3561 Neque

227 3556 330 3632 refert,
351 3573 450 3619 utrum
465 3558 570 3640 purtim
589 3561 778 3642 duplicetur,
799 3583 836 3623 an
857 3582 915 3623 vox
936 3563 994 3622 alia
1034 3582 1065 3622 ro
1080 3560 1180 3621 eadent

226 3654 374 3715 ponatur,
394 3638 423 3702 id
447 3638 524 3718 quod
544 3639 648 3704 Cicero
668 3642 704 3703 de
724 3642 913 3705 Divinatione
932 3661 956 3700 2.
966 3661 991 3700 2.
1007 3582 1092 3716 licit,
1113 3659 1180 3700 cunr

224 3718 285 3779 uit:
308 3714 453 3795 bestiarum
471 3737 579 3780 terrruae
592 3721 750 3799 fieutaliae,
767 3724 872 3806 purtim
888 3720 1039 3802 aquatiles:
1061 3719 1181 3795 hocell,

1077 3817 1144 3883 put·-

1309 3795 1327 3846 Ι,
