3034 4559
390 456 434 519 82*
547 454 624 520 DE
662 454 1119 517 ῙΜΙΤΑΤΙΟΝΕ.

345 539 430 602 nulla
451 534 605 599 sentiatur:
626 556 660 597 ac
682 536 930 617 quemadmodum
952 556 1044 627 apes„
1074 553 1137 617 qua
1160 530 1310 610 flosculos,

346 616 499 692 herbulas,
519 636 554 679 ac
572 616 711 699 quicquid
733 614 903 678 imbiberint
923 633 1022 692 roris,
1043 614 1074 676 in
1095 614 1177 676 suum
1198 633 1314 676 novum

347 718 450 778 corpus
472 698 514 758 ita
534 695 716 772 conficiunt,
739 713 772 757 ut
792 695 867 757 nihil
887 716 989 759 eorum
1009 696 1113 757 existat
1134 715 1168 754 ex
1192 694 1315 773 pristina

348 794 401 840 aut
422 775 540 852 forma,
559 791 614 838 aut
632 776 780 846 materia3
801 776 837 839 stc
860 773 917 837 hac
938 775 1021 837 nobis
1043 775 1150 835 alienas
1171 774 1315 847 virtutes,

350 874 441 940 atque
451 856 604 917 sententias
614 856 657 916 ita
678 856 728 916 suo
737 856 852 929 studio,
876 854 982 938 suaque
998 854 1203 927 arteconficit,
1225 870 1315 935 atque

349 937 451 1000 condit
472 934 615 1008 suaviter,
637 953 670 997 ut
689 933 812 1015 pristinae
831 934 932 997 sotmae
955 935 1029 997 nihil
1051 933 1241 1015 agnoscatur,
1265 953 1317 993 no-

350 1016 498 1098 strumque
521 1010 554 1075 id
571 1012 623 1075 fiat
644 1017 797 1088 maxime,
817 1015 896 1098 quod
918 1036 953 1077 ea
973 1012 1057 1076 nobis
1078 1030 1145 1094 apte
1164 1032 1315 1093 compara·

350 1096 407 1169 tit,
428 1111 516 1176 atque
537 1094 725 1156 construxerit
743 1116 750 1164 3
773 1112 807 1156 ut
827 1094 962 1157 omnibus
985 1094 1060 1156 hisce
1081 1094 1115 1154 de
1136 1090 1238 1174 caussis
1262 1109 1316 1153 ter-

351 1175 410 1236 tius
432 1174 479 1234 hic
499 1170 534 1235 de
555 1169 703 1237 locutione
724 1173 796 1235 libet
818 1196 853 1236 ex
876 1174 999 1237 secundo
1019 1172 1076 1235 sine
1098 1172 1160 1234 ulia
1179 1171 1254 1242 justa
1268 1191 1315 1232 ac-

350 1252 497 1316 cusatione
518 1253 596 1315 nasci
617 1255 758 1337 potuerit.
780 1254 834 1317 Sed
855 1255 994 1337 quoniam
1018 1253 1128 1315 locutio
1145 1272 1203 1313 non
1224 1272 1243 1312 a
1265 1271 1316 1311 no·

350 1332 415 1408 bis,
436 1353 538 1403 vetum
566 1348 649 1409 tota,
672 1350 705 1396 ut
727 1335 767 1395 est
790 1334 901 1411 aliena,
923 1333 1039 1396 aliunde
1059 1334 1099 1396 est
1120 1328 1262 1413 petenda,
1283 1347 1314 1392 ac

353 1412 453 1474 multa
475 1434 518 1475 res
538 1415 670 1495 quotidie
691 1415 901 1495 reperiuntur,
929 1432 1017 1497 atque
1047 1411 1118 1474 adeo
1148 1410 1252 1472 assidue
1274 1429 1315 1471 re·

350 1494 523 1576 perientur,
552 1513 616 1576 qnae
636 1493 755 1556 nomine
777 1512 874 1556 carent
896 1495 1033 1564 Latino;
1052 1513 1085 1555 ac
1107 1492 1197 1553 etiam
1219 1487 1316 1553 multo

351 1572 446 1655 plures
468 1572 524 1633 illae
545 1572 636 1648 sunt,
659 1594 722 1654 quae
746 1594 857 1635 novum
880 1592 986 1633 nomen
1010 1574 1125 1646 nasia,
1146 1570 1240 1632 veteri
1262 1584 1320 1631 aut

352 1652 465 1734 prorsus
486 1652 606 1727 amisso,
627 1670 680 1714 aut
699 1653 801 1714 saltem
821 1651 904 1714 nobis
925 1653 1061 1733 ignorato
1079 1669 1088 1721 3
1110 1665 1209 1712 utrutn
1230 1648 1316 1711 novit

352 1731 440 1794 rebus.
458 1752 476 1792 a
496 1730 578 1792 nobis
600 1730 673 1791 resie
694 1731 754 1792 fieri
776 1732 863 1822 possit
884 1751 989 1792 nomen
1011 1730 1170 1805 Latinum,
1191 1746 1243 1792 aut
1266 1748 1318 1791 uo·

351 1812 398 1873 vis
420 1810 588 1871 nominibus
610 1828 662 1889 pro
683 1812 797 1872 Latims
817 1812 861 1873 uti
884 1808 1019 1891 possimus
1031 1832 1039 1882 ;
1061 1823 1112 1871 aut
1133 1810 1153 1870 si
1174 1825 1319 1881 neutrum,

352 1890 550 1971 permittitur,
570 1889 641 2029 quid
659 1907 721 1951 tum
743 1891 957 1971 agendumst,
977 1912 1046 1952 eunt
1063 1909 1163 1951 earum
1180 1890 1245 1951 usus
1267 1907 1314 1951 ve·

352 1970 432 2043 ttiat,
473 1968 531 2030 rius
551 1990 567 2029 e
613 1968 790 2031 dicendum:
813 1970 917 2038 deinde
939 1970 1117 2034 locutionem
1137 1969 1230 2051 ipsam
1255 1967 1315 2049 pla·

352 2050 418 2109 nius
438 1986 636 2110 absolvemus.
657 2052 717 2125 Ac,
737 2048 816 2134 quod
837 2050 874 2112 ad
895 2072 938 2113 res
960 2072 1050 2114 novas
1068 2052 1175 2113 Latino
1196 2050 1320 2110 nomine-

351 2127 534 2209 appellandas
556 2130 679 2205 attinet,
700 2130 768 2191 sane
790 2132 876 2193 multi
897 2151 957 2193 non
978 2132 1098 2205 desunt,
1121 2148 1213 2271 neque
1230 2130 1315 2189 iiim·

352 2206 515 2292 peritisbmi
534 2209 619 2283 viri,
669 2210 699 2270 ui
720 2212 870 2273 Ciceronis
899 2211 1071 2275 auiioritate
1100 2210 1129 2270 id
1170 2208 1209 2270 rbi
1230 2205 1321 2269 licere

351 2307 529 2369 magnopere
548 2230 728 2352 contendunt
746 2313 755 2362 3
784 2293 834 2374 qui
864 2292 896 2353 in
925 2292 1069 2374 principio
1091 2290 1168 2351 tertii
1192 2287 1257 2348 iibri
1279 2288 1320 2348 de*

352 2368 474 2430 Finibus
491 2367 650 2445 bonorum,
667 2370 698 2432 ὅ(
715 2371 860 2433 malorum
876 2371 912 2433 sic
928 2374 959 2433 in
976 2374 1050 2434 hanc
1067 2370 1110 2430 ait
1126 2368 1314 2429 sententiam:

350 2449 501 2511 Stoicorum
515 2468 607 2509 autem
623 2473 676 2511 nou
691 2451 799 2532 ignoras
817 2474 901 2530 quam
915 2450 954 2526 fit
966 2450 1089 2528 subtile,
1112 2449 1161 2508 vel
1174 2448 1317 2527 spinosum

348 2530 440 2611 potius
459 2529 608 2606 differendi
623 2549 730 2607 genus,
750 2528 834 2609 idque
851 2552 915 2591 cum
935 2527 1050 2602 Grecis,
1073 2544 1134 2585 tum
1160 2527 1250 2605 magis
1271 2549 1316 2585 no·

351 2607 411 2682 bt's,
431 2606 633 2689 quibusegtiam
654 2605 739 2667 verba
778 2608 1004 2746 arieudasunt,
1032 2601 1314 2683 imponendaque'uo·

355 2690 402 2747 riis
418 2685 495 2746 rebus
515 2687 650 2746 nomina.
679 2689 728 2761 Qu
788 2704 896 2746 veroa
935 2704 979 2747 res
1001 2699 1111 2745 veteres
1135 2679 1148 2761 [
1171 2683 1313 2761 quoniam

354 2785 442 2839 una,
471 2762 630 2842 eademque
660 2762 748 2843 plaga
779 2779 934 2845 utrumque
959 2761 1155 2824 adversarium
1176 2760 1317 2822 conficere

353 2843 491 2905 volumus
505 2840 525 2982 ἐ
541 2859 666 2923 quarum
677 2841 800 2902 'nullum
822 2841 946 2916 sit,-aut
966 2863 1025 2903 non
1042 2857 1120 2903 extet
1137 2860 1243 2900 nomen
1262 2843 1319 2901 La·
1358 2859 1359 2863 ’

353 2923 475 2994 unum,
544 2920 597 3004 qui
617 2919 649 2981 id
669 2941 786 3004 quoque
806 2921 957 2999 audeant,
986 2942 1046 3006 quo
1068 2920 1199 3002 prasenti
1219 2918 1319 3060 qqpel·

354 2999 478 3075 santur,
497 3017 545 3063 eas
566 3002 719 3063 nominare
739 3016 882 3085 tanquam
901 3002 1034 3080 Latino,
1055 3001 1196 3085 quoniam
1253 3020 1314 3061 ora-

354 3081 415 3145 tius
430 3078 553 3143 dixerit:

381 3195 384 3199 ⁴
434 3162 511 3253 Ego,
532 3182 581 3223 cur
600 3161 738 3242 acquirere
752 3175 863 3245 pauca,

432 3243 465 3300 St
481 3241 588 3320 poffum
607 3244 751 3303 invident?
774 3267 835 3305 cum
854 3244 952 3325 lingua
970 3240 1101 3314 Catonis,
1121 3238 1160 3301 &
1182 3240 1256 3300 Enni

422 3322 589 3379 'Sermonem
605 3326 729 3402 patrium
750 3326 902 3400 ditaverit,
921 3325 960 3384 Θ
980 3343 1053 3381 nova
1073 3343 1160 3379 rerum

433 3400 557 3458 Nomina
572 3401 733 3480 protulerit?
751 3405 862 3480 Licuit,
877 3404 1038 3482 semperque
1058 3398 1149 3461 licebit

437 3478 586 3557 Signatum
601 3480 731 3561 presente
749 3502 813 3543 nota
828 3485 975 3564 producere
996 3504 1104 3541 nomen.

357 3638 402 3699 Ac
421 3633 511 3699 etiam
519 3637 622 3779 rgaulo
644 3638 788 3715 inferius,
810 3640 860 3703 ubi
879 3661 915 3703 ex
937 3658 1032 3702 rerum
1054 3638 1188 3701 omnium
1213 3638 1319 3703 vicisti·

357 3718 459 3781 tudine
480 3739 517 3779 ve
552 3739 636 3780 orum
656 3721 746 3780 etiam
764 3722 988 3783 'renovationem
1011 3719 1155 3794 affirmat,
1176 3720 1236 3781 ait:

434 3798 537 3860 Μιιίεα
556 3800 741 3880 renascentur,
763 3824 821 3882 que
839 3804 899 3883 jam
918 3802 1056 3879 cecidere,
1068 3801 1250 3962 cadentque-Q

1242 3902 1281 3939 ue
