<?xml version="1.0" encoding="UTF-8"?>
<!DOCTYPE html PUBLIC "-//W3C//DTD XHTML 1.0 Transitional//EN"
    "http://www.w3.org/TR/xhtml1/DTD/xhtml1-transitional.dtd">
<html xmlns="http://www.w3.org/1999/xhtml" xml:lang="en" lang="en">
 <head>
  <title>
</title>
<meta http-equiv="Content-Type" content="text/html;charset=utf-8" />
  <meta name='ocr-system' content='tesseract 3.04.00' />
  <meta name='ocr-capabilities' content='ocr_page ocr_carea ocr_par ocr_line ocrx_word'/>
</head>
<body>
  <div class='ocr_page' id='page_1' title='image "./operumtomusprim01riccgoog/operumtomusprim01riccgoog_0035.png"; bbox 0 0 3034 4559; ppageno 0'>
   <div class='ocr_carea' id='block_1_1' title="bbox 516 455 1210 550">
    <p class='ocr_par' dir='ltr' id='par_1_1' title="bbox 516 455 1210 550">
     <span class='ocr_line' id='line_1_1' title="bbox 516 455 1210 550; baseline 0.014 -24"><span class='ocrx_word' id='word_1_1' title='bbox 516 455 988 528; x_wconf 65' lang='lat' dir='ltr'><strong>iterat·</strong></span> <span class='ocrx_word' id='word_1_2' title='bbox 1172 485 1210 550; x_wconf 73' lang='lat'><strong>29</strong></span> 
     </span>
    </p>
   </div>
   <div class='ocr_carea' id='block_1_2' title="bbox 259 533 1257 3945">
    <p class='ocr_par' dir='ltr' id='par_1_2' title="bbox 259 533 1257 3945">
     <span class='ocr_line' id='line_1_2' title="bbox 282 533 1250 630; baseline 0.015 -28"><span class='ocrx_word' id='word_1_3' title='bbox 282 536 369 624; x_wconf 68' lang='lat' dir='ltr'><strong>liger</strong></span> <span class='ocrx_word' id='word_1_4' title='bbox 390 533 521 604; x_wconf 79' lang='lat' dir='ltr'><strong>alidunde</strong></span> <span class='ocrx_word' id='word_1_5' title='bbox 542 542 573 605; x_wconf 91' lang='lat' dir='ltr'><strong>in</strong></span> <span class='ocrx_word' id='word_1_6' title='bbox 595 544 688 607; x_wconf 89' lang='lat' dir='ltr'><strong>lucem</strong></span> <span class='ocrx_word' id='word_1_7' title='bbox 708 562 852 627; x_wconf 84' lang='lat' dir='ltr'>emergat:</span> <span class='ocrx_word' id='word_1_8' title='bbox 874 545 902 608; x_wconf 94' lang='lat' dir='ltr'><strong>id</strong></span> <span class='ocrx_word' id='word_1_9' title='bbox 923 548 1002 630; x_wconf 92' lang='lat' dir='ltr'><strong>quod</strong></span> <span class='ocrx_word' id='word_1_10' title='bbox 1024 569 1042 611; x_wconf 89' lang='lat' dir='ltr'><strong>a</strong></span> <span class='ocrx_word' id='word_1_11' title='bbox 1061 570 1126 614; x_wconf 91' lang='lat' dir='ltr'><strong>meo</strong></span> <span class='ocrx_word' id='word_1_12' title='bbox 1140 550 1250 621; x_wconf 77' lang='lat' dir='ltr'><strong>Manu⁴</strong></span> 
     </span>
     <span class='ocr_line' id='line_1_3' title="bbox 282 622 1245 706; baseline 0.011 -23"><span class='ocrx_word' id='word_1_13' title='bbox 282 622 332 683; x_wconf 74' lang='lat' dir='ltr'><strong>tio</strong></span> <span class='ocrx_word' id='word_1_14' title='bbox 352 642 464 703; x_wconf 87' lang='lat' dir='ltr'><strong>magna</strong></span> <span class='ocrx_word' id='word_1_15' title='bbox 484 643 518 683; x_wconf 89' lang='lat' dir='ltr'><strong>ex</strong></span> <span class='ocrx_word' id='word_1_16' title='bbox 539 640 620 704; x_wconf 88' lang='lat' dir='ltr'><strong>parte</strong></span> <span class='ocrx_word' id='word_1_17' title='bbox 643 624 759 687; x_wconf 89' lang='lat' dir='ltr'><strong>videtur</strong></span> <span class='ocrx_word' id='word_1_18' title='bbox 778 626 920 706; x_wconf 70' lang='lat' dir='ltr'><strong>expestari</strong></span> <span class='ocrx_word' id='word_1_19' title='bbox 938 673 945 687; x_wconf 92' lang='lat'><strong>.</strong></span> <span class='ocrx_word' id='word_1_20' title='bbox 966 628 1001 689; x_wconf 89' lang='lat' dir='ltr'><strong>In</strong></span> <span class='ocrx_word' id='word_1_21' title='bbox 1022 629 1058 689; x_wconf 91' lang='lat' dir='ltr'><strong>iis</strong></span> <span class='ocrx_word' id='word_1_22' title='bbox 1081 647 1178 694; x_wconf 90' lang='lat' dir='ltr'><strong>autem</strong></span> <span class='ocrx_word' id='word_1_23' title='bbox 1201 634 1245 694; x_wconf 87' lang='lat' dir='ltr'><strong>di·</strong></span> 
     </span>
     <span class='ocr_line' id='line_1_4' title="bbox 280 700 1246 789; baseline 0.012 -27"><span class='ocrx_word' id='word_1_24' title='bbox 280 700 438 782; x_wconf 79' lang='lat' dir='ltr'><strong>fciplinis,</strong></span> <span class='ocrx_word' id='word_1_25' title='bbox 467 702 571 785; x_wconf 93' lang='lat' dir='ltr'><strong>quibus</strong></span> <span class='ocrx_word' id='word_1_26' title='bbox 599 704 716 785; x_wconf 83' lang='lat' dir='ltr'><strong>siugulis</strong></span> <span class='ocrx_word' id='word_1_27' title='bbox 745 705 848 786; x_wconf 80' lang='lat' dir='ltr'><strong>singuli</strong></span> <span class='ocrx_word' id='word_1_28' title='bbox 871 722 986 769; x_wconf 89' lang='lat' dir='ltr'><strong>tantum</strong></span> <span class='ocrx_word' id='word_1_29' title='bbox 1006 709 1162 789; x_wconf 84' lang='lat' dir='ltr'>Scriptores</span> <span class='ocrx_word' id='word_1_30' title='bbox 1185 731 1246 773; x_wconf 90' lang='lat' dir='ltr'><strong>me·</strong></span> 
     </span>
     <span class='ocr_line' id='line_1_5' title="bbox 278 782 1243 866; baseline 0.011 -25"><span class='ocrx_word' id='word_1_31' title='bbox 278 790 438 843; x_wconf 82' lang='lat' dir='ltr'><strong>morantur</strong></span> <span class='ocrx_word' id='word_1_32' title='bbox 461 826 470 857; x_wconf 94' lang='lat'><strong>,</strong></span> <span class='ocrx_word' id='word_1_33' title='bbox 511 782 650 847; x_wconf 80' lang='lat' dir='ltr'><strong>facillima</strong></span> <span class='ocrx_word' id='word_1_34' title='bbox 679 784 710 845; x_wconf 90' lang='lat' dir='ltr'><strong>in</strong></span> <span class='ocrx_word' id='word_1_35' title='bbox 738 785 890 866; x_wconf 85' lang='lat' dir='ltr'><strong>deligendo</strong></span> <span class='ocrx_word' id='word_1_36' title='bbox 917 787 1023 849; x_wconf 87' lang='lat' dir='ltr'><strong>accidit</strong></span> <span class='ocrx_word' id='word_1_37' title='bbox 1051 788 1243 852; x_wconf 78' lang='lat' dir='ltr'><strong>deliberatio.</strong></span> 
     </span>
     <span class='ocr_line' id='line_1_6' title="bbox 278 859 1244 944; baseline 0.012 -24"><span class='ocrx_word' id='word_1_38' title='bbox 278 859 382 936; x_wconf 86' lang='lat' dir='ltr'>Quem</span> <span class='ocrx_word' id='word_1_39' title='bbox 403 861 484 923; x_wconf 86' lang='lat' dir='ltr'><strong>enim</strong></span> <span class='ocrx_word' id='word_1_40' title='bbox 507 860 600 944; x_wconf 85' lang='lat' dir='ltr'><strong>fugit,</strong></span> <span class='ocrx_word' id='word_1_41' title='bbox 624 864 644 924; x_wconf 89' lang='lat' dir='ltr'><strong>sr</strong></span> <span class='ocrx_word' id='word_1_42' title='bbox 665 865 711 926; x_wconf 90' lang='lat' dir='ltr'><strong>cui</strong></span> <span class='ocrx_word' id='word_1_43' title='bbox 732 865 764 927; x_wconf 90' lang='lat' dir='ltr'><strong>iu</strong></span> <span class='ocrx_word' id='word_1_44' title='bbox 785 885 814 927; x_wconf 87' lang='lat' dir='ltr'><strong>re</strong></span> <span class='ocrx_word' id='word_1_45' title='bbox 836 865 948 927; x_wconf 88' lang='lat' dir='ltr'><strong>medica</strong></span> <span class='ocrx_word' id='word_1_46' title='bbox 966 866 1109 929; x_wconf 86' lang='lat' dir='ltr'><strong>scribenda</strong></span> <span class='ocrx_word' id='word_1_47' title='bbox 1129 870 1244 932; x_wconf 85' lang='lat' dir='ltr'><strong>versan-</strong></span> 
     </span>
     <span class='ocr_line' id='line_1_7' title="bbox 277 938 1243 1027; baseline 0.012 -28"><span class='ocrx_word' id='word_1_48' title='bbox 277 938 355 1004; x_wconf 87' lang='lat' dir='ltr'><strong>dum</strong></span> <span class='ocrx_word' id='word_1_49' title='bbox 376 939 428 1018; x_wconf 81' lang='lat' dir='ltr'><strong>fit,</strong></span> <span class='ocrx_word' id='word_1_50' title='bbox 448 940 485 1002; x_wconf 92' lang='lat' dir='ltr'><strong>ab</strong></span> <span class='ocrx_word' id='word_1_51' title='bbox 505 958 564 1004; x_wconf 89' lang='lat' dir='ltr'><strong>uno</strong></span> <span class='ocrx_word' id='word_1_52' title='bbox 585 942 670 1005; x_wconf 89' lang='lat' dir='ltr'><strong>Celso</strong></span> <span class='ocrx_word' id='word_1_53' title='bbox 693 944 770 1005; x_wconf 88' lang='lat' dir='ltr'><strong>Viro</strong></span> <span class='ocrx_word' id='word_1_54' title='bbox 790 965 854 1005; x_wconf 87' lang='lat' dir='ltr'><strong>mea</strong></span> <span class='ocrx_word' id='word_1_55' title='bbox 875 945 993 1027; x_wconf 90' lang='lat' dir='ltr'><strong>quidem</strong></span> <span class='ocrx_word' id='word_1_56' title='bbox 1011 945 1151 1011; x_wconf 86' lang='lat' dir='ltr'><strong>sententia</strong></span> <span class='ocrx_word' id='word_1_57' title='bbox 1167 949 1243 1011; x_wconf 89' lang='lat' dir='ltr'><strong>divi·</strong></span> 
     </span>
     <span class='ocr_line' id='line_1_8' title="bbox 276 1022 1243 1103; baseline 0.009 -22"><span class='ocrx_word' id='word_1_58' title='bbox 276 1030 339 1092; x_wconf 81' lang='lat' dir='ltr'><strong>uo,</strong></span> <span class='ocrx_word' id='word_1_59' title='bbox 361 1030 523 1103; x_wconf 86' lang='lat' dir='ltr'><strong>numquam</strong></span> <span class='ocrx_word' id='word_1_60' title='bbox 533 1023 586 1084; x_wconf 83' lang='lat' dir='ltr'><strong>esse</strong></span> <span class='ocrx_word' id='word_1_61' title='bbox 600 1022 822 1086; x_wconf 83' lang='lat' dir='ltr'><strong>discedendum?</strong></span> <span class='ocrx_word' id='word_1_62' title='bbox 842 1024 892 1086; x_wconf 88' lang='lat' dir='ltr'><strong>Sin</strong></span> <span class='ocrx_word' id='word_1_63' title='bbox 902 1041 998 1088; x_wconf 84' lang='lat' dir='ltr'><strong>autem</strong></span> <span class='ocrx_word' id='word_1_64' title='bbox 1019 1027 1049 1088; x_wconf 90' lang='lat' dir='ltr'><strong>iu</strong></span> <span class='ocrx_word' id='word_1_65' title='bbox 1071 1047 1104 1088; x_wconf 85' lang='lat' dir='ltr'><strong>ea</strong></span> <span class='ocrx_word' id='word_1_66' title='bbox 1124 1027 1243 1090; x_wconf 84' lang='lat' dir='ltr'><strong>faculta-</strong></span> 
     </span>
     <span class='ocr_line' id='line_1_9' title="bbox 274 1100 1242 1188; baseline 0.006 -25"><span class='ocrx_word' id='word_1_67' title='bbox 274 1114 334 1174; x_wconf 75' lang='lat' dir='ltr'><strong>te,</strong></span> <span class='ocrx_word' id='word_1_68' title='bbox 356 1115 422 1182; x_wconf 82' lang='lat' dir='ltr'><strong>quae</strong></span> <span class='ocrx_word' id='word_1_69' title='bbox 442 1100 555 1177; x_wconf 88' lang='lat' dir='ltr'><strong>villas,</strong></span> <span class='ocrx_word' id='word_1_70' title='bbox 576 1122 640 1184; x_wconf 84' lang='lat' dir='ltr'><strong>quae</strong></span> <span class='ocrx_word' id='word_1_71' title='bbox 660 1103 750 1182; x_wconf 84' lang='lat' dir='ltr'><strong>aedes,</strong></span> <span class='ocrx_word' id='word_1_72' title='bbox 793 1124 834 1166; x_wconf 83' lang='lat' dir='ltr'><strong>uae</strong></span> <span class='ocrx_word' id='word_1_73' title='bbox 856 1104 998 1185; x_wconf 91' lang='lat' dir='ltr'><strong>Templa,</strong></span> <span class='ocrx_word' id='word_1_74' title='bbox 1020 1122 1084 1188; x_wconf 82' lang='lat' dir='ltr'><strong>quar</strong></span> <span class='ocrx_word' id='word_1_75' title='bbox 1104 1106 1196 1169; x_wconf 85' lang='lat' dir='ltr'><strong>Urbes</strong></span> <span class='ocrx_word' id='word_1_76' title='bbox 1217 1109 1242 1170; x_wconf 88' lang='lat' dir='ltr'><strong>i·</strong></span> 
     </span>
     <span class='ocr_line' id='line_1_10' title="bbox 275 1125 1240 1270; baseline 0.01 -31"><span class='ocrx_word' id='word_1_77' title='bbox 275 1178 371 1260; x_wconf 82' lang='lat' dir='ltr'><strong>psas,</strong></span> <span class='ocrx_word' id='word_1_78' title='bbox 393 1180 493 1260; x_wconf 89' lang='lat' dir='ltr'><strong>quales</strong></span> <span class='ocrx_word' id='word_1_79' title='bbox 514 1180 616 1245; x_wconf 82' lang='lat' dir='ltr'><strong>futurae</strong></span> <span class='ocrx_word' id='word_1_80' title='bbox 632 1183 686 1244; x_wconf 88' lang='lat' dir='ltr'><strong>srnt</strong></span> <span class='ocrx_word' id='word_1_81' title='bbox 707 1227 717 1257; x_wconf 96' lang='lat'><strong>,</strong></span> <span class='ocrx_word' id='word_1_82' title='bbox 736 1125 899 1264; x_wconf 74' lang='lat' dir='ltr'><strong>effiqngendo</strong></span> <span class='ocrx_word' id='word_1_83' title='bbox 914 1186 1128 1265; x_wconf 80' lang='lat' dir='ltr'><strong>praemonstrat,</strong></span> <span class='ocrx_word' id='word_1_84' title='bbox 1151 1203 1240 1270; x_wconf 87' lang='lat' dir='ltr'><strong>atque</strong></span> 
     </span>
     <span class='ocr_line' id='line_1_11' title="bbox 275 1258 1241 1347; baseline 0.005 -24"><span class='ocrx_word' id='word_1_85' title='bbox 275 1258 486 1341; x_wconf 78' lang='lat' dir='ltr'><strong>reptaesentat,</strong></span> <span class='ocrx_word' id='word_1_86' title='bbox 507 1281 625 1343; x_wconf 80' lang='lat' dir='ltr'><strong>operam</strong></span> <span class='ocrx_word' id='word_1_87' title='bbox 647 1262 726 1323; x_wconf 87' lang='lat' dir='ltr'><strong>suam</strong></span> <span class='ocrx_word' id='word_1_88' title='bbox 749 1264 897 1326; x_wconf 88' lang='lat' dir='ltr'><strong>collocarit</strong></span> <span class='ocrx_word' id='word_1_89' title='bbox 916 1283 925 1333; x_wconf 81' lang='lat'><em>3</em></span> <span class='ocrx_word' id='word_1_90' title='bbox 955 1283 1044 1345; x_wconf 91' lang='lat' dir='ltr'><strong>quam</strong></span> <span class='ocrx_word' id='word_1_91' title='bbox 1064 1265 1115 1326; x_wconf 89' lang='lat' dir='ltr'><strong>ille</strong></span> <span class='ocrx_word' id='word_1_92' title='bbox 1136 1267 1241 1347; x_wconf 86' lang='lat' dir='ltr'><strong>imagi·</strong></span> 
     </span>
     <span class='ocr_line' id='line_1_12' title="bbox 277 1338 1239 1425; baseline 0.004 -22"><span class='ocrx_word' id='word_1_93' title='bbox 277 1355 346 1403; x_wconf 90' lang='lat' dir='ltr'><strong>nem</strong></span> <span class='ocrx_word' id='word_1_94' title='bbox 370 1338 528 1422; x_wconf 83' lang='lat' dir='ltr'><strong>sequetur,</strong></span> <span class='ocrx_word' id='word_1_95' title='bbox 550 1343 602 1403; x_wconf 78' lang='lat' dir='ltr'><strong>nisi</strong></span> <span class='ocrx_word' id='word_1_96' title='bbox 623 1362 713 1425; x_wconf 88' lang='lat' dir='ltr'><strong>quam</strong></span> <span class='ocrx_word' id='word_1_97' title='bbox 734 1343 779 1406; x_wconf 89' lang='lat' dir='ltr'><strong>illi</strong></span> <span class='ocrx_word' id='word_1_98' title='bbox 801 1342 957 1403; x_wconf 78' lang='lat' dir='ltr'>Vitruvius</span> <span class='ocrx_word' id='word_1_99' title='bbox 975 1343 1173 1421; x_wconf 86' lang='lat' dir='ltr'><strong>constituerit,</strong></span> <span class='ocrx_word' id='word_1_100' title='bbox 1196 1362 1239 1407; x_wconf 87' lang='lat' dir='ltr'><strong>at·</strong></span> 
     </span>
     <span class='ocr_line' id='line_1_13' title="bbox 274 1418 1238 1503; baseline 0.005 -22"><span class='ocrx_word' id='word_1_101' title='bbox 274 1440 334 1502; x_wconf 89' lang='lat' dir='ltr'><strong>que</strong></span> <span class='ocrx_word' id='word_1_102' title='bbox 356 1418 549 1483; x_wconf 82' lang='lat' dir='ltr'><strong>confinxerit?</strong></span> <span class='ocrx_word' id='word_1_103' title='bbox 570 1421 625 1482; x_wconf 86' lang='lat' dir='ltr'><strong>Sed</strong></span> <span class='ocrx_word' id='word_1_104' title='bbox 645 1439 829 1502; x_wconf 73' lang='lat' dir='ltr'><strong>praetereas,</strong></span> <span class='ocrx_word' id='word_1_105' title='bbox 849 1441 920 1503; x_wconf 90' lang='lat' dir='ltr'><strong>quas</strong></span> <span class='ocrx_word' id='word_1_106' title='bbox 941 1422 1089 1498; x_wconf 81' lang='lat' dir='ltr'>pauciores</span> <span class='ocrx_word' id='word_1_107' title='bbox 1111 1443 1238 1486; x_wconf 88' lang='lat' dir='ltr'><strong>comme·</strong></span> 
     </span>
     <span class='ocr_line' id='line_1_14' title="bbox 272 1498 1241 1584; baseline 0.002 -22"><span class='ocrx_word' id='word_1_108' title='bbox 272 1499 483 1575; x_wconf 79' lang='lat' dir='ltr'><strong>mutavimus,</strong></span> <span class='ocrx_word' id='word_1_109' title='bbox 513 1501 599 1582; x_wconf 89' lang='lat' dir='ltr'><strong>longe</strong></span> <span class='ocrx_word' id='word_1_110' title='bbox 628 1503 717 1563; x_wconf 89' lang='lat' dir='ltr'><strong>etiam</strong></span> <span class='ocrx_word' id='word_1_111' title='bbox 748 1501 841 1583; x_wconf 88' lang='lat' dir='ltr'><strong>plures</strong></span> <span class='ocrx_word' id='word_1_112' title='bbox 866 1499 1002 1563; x_wconf 88' lang='lat' dir='ltr'><strong>scribendi</strong></span> <span class='ocrx_word' id='word_1_113' title='bbox 1023 1498 1122 1564; x_wconf 81' lang='lat' dir='ltr'><strong>forma</strong></span> <span class='ocrx_word' id='word_1_114' title='bbox 1144 1504 1241 1584; x_wconf 88' lang='lat' dir='ltr'><strong>supet·</strong></span> 
     </span>
     <span class='ocr_line' id='line_1_15' title="bbox 272 1578 1234 1663; baseline 0.003 -21"><span class='ocrx_word' id='word_1_115' title='bbox 272 1578 340 1642; x_wconf 82' lang='lat' dir='ltr'><strong>firnt</strong></span> <span class='ocrx_word' id='word_1_116' title='bbox 361 1578 441 1653; x_wconf 92' lang='lat' dir='ltr'><strong>aliae,</strong></span> <span class='ocrx_word' id='word_1_117' title='bbox 462 1592 526 1661; x_wconf 72' lang='lat' dir='ltr'><strong>que</strong></span> <span class='ocrx_word' id='word_1_118' title='bbox 546 1580 627 1643; x_wconf 90' lang='lat' dir='ltr'><strong>suam</strong></span> <span class='ocrx_word' id='word_1_119' title='bbox 648 1581 679 1642; x_wconf 77' lang='lat' dir='ltr'><strong>St</strong></span> <span class='ocrx_word' id='word_1_120' title='bbox 700 1581 784 1663; x_wconf 79' lang='lat' dir='ltr'><strong>ipsa,</strong></span> <span class='ocrx_word' id='word_1_121' title='bbox 803 1581 850 1641; x_wconf 89' lang='lat' dir='ltr'><strong>cui</strong></span> <span class='ocrx_word' id='word_1_122' title='bbox 872 1580 899 1639; x_wconf 88' lang='lat' dir='ltr'><strong>se</strong></span> <span class='ocrx_word' id='word_1_123' title='bbox 914 1579 1093 1661; x_wconf 84' lang='lat' dir='ltr'><strong>adjungant,</strong></span> <span class='ocrx_word' id='word_1_124' title='bbox 1113 1601 1131 1643; x_wconf 90' lang='lat' dir='ltr'><strong>a</strong></span> <span class='ocrx_word' id='word_1_125' title='bbox 1151 1582 1234 1645; x_wconf 88' lang='lat' dir='ltr'><strong>nobis</strong></span> 
     </span>
     <span class='ocr_line' id='line_1_16' title="bbox 271 1660 1235 1743; baseline 0.005 -22"><span class='ocrx_word' id='word_1_126' title='bbox 271 1660 435 1742; x_wconf 83' lang='lat' dir='ltr'><strong>imaginem</strong></span> <span class='ocrx_word' id='word_1_127' title='bbox 456 1660 634 1723; x_wconf 83' lang='lat' dir='ltr'><strong>defiderant.</strong></span> <span class='ocrx_word' id='word_1_128' title='bbox 665 1661 744 1724; x_wconf 83' lang='lat' dir='ltr'><strong>Nam</strong></span> <span class='ocrx_word' id='word_1_129' title='bbox 765 1660 797 1722; x_wconf 76' lang='lat' dir='ltr'><strong>u</strong></span> <span class='ocrx_word' id='word_1_130' title='bbox 817 1660 931 1741; x_wconf 85' lang='lat' dir='ltr'><strong>agimus</strong></span> <span class='ocrx_word' id='word_1_131' title='bbox 961 1680 1028 1722; x_wconf 92' lang='lat' dir='ltr'><strong>cum</strong></span> <span class='ocrx_word' id='word_1_132' title='bbox 1049 1660 1164 1726; x_wconf 85' lang='lat' dir='ltr'><strong>absente</strong></span> <span class='ocrx_word' id='word_1_133' title='bbox 1184 1684 1235 1743; x_wconf 88' lang='lat' dir='ltr'><strong>per</strong></span> 
     </span>
     <span class='ocr_line' id='line_1_17' title="bbox 269 1738 1236 1823; baseline 0.001 -21"><span class='ocrx_word' id='word_1_134' title='bbox 269 1738 397 1815; x_wconf 85' lang='lat' dir='ltr'><strong>literas,</strong></span> <span class='ocrx_word' id='word_1_135' title='bbox 418 1738 505 1822; x_wconf 82' lang='lat' dir='ltr'><strong>idque</strong></span> <span class='ocrx_word' id='word_1_136' title='bbox 525 1762 585 1803; x_wconf 88' lang='lat' dir='ltr'><strong>non</strong></span> <span class='ocrx_word' id='word_1_137' title='bbox 606 1760 665 1803; x_wconf 89' lang='lat' dir='ltr'><strong>uno</strong></span> <span class='ocrx_word' id='word_1_138' title='bbox 688 1740 801 1803; x_wconf 91' lang='lat' dir='ltr'><strong>roodo.</strong></span> <span class='ocrx_word' id='word_1_139' title='bbox 832 1740 949 1801; x_wconf 88' lang='lat' dir='ltr'><strong>Artium</strong></span> <span class='ocrx_word' id='word_1_140' title='bbox 971 1739 1074 1803; x_wconf 88' lang='lat' dir='ltr'><strong>deinde</strong></span> <span class='ocrx_word' id='word_1_141' title='bbox 1094 1760 1236 1823; x_wconf 81' lang='lat' dir='ltr'><strong>praecepta</strong></span> 
     </span>
     <span class='ocr_line' id='line_1_18' title="bbox 268 1819 1236 1901; baseline 0.001 -18"><span class='ocrx_word' id='word_1_142' title='bbox 268 1819 448 1896; x_wconf 72' lang='lat' dir='ltr'><strong>uaduutur.</strong></span> <span class='ocrx_word' id='word_1_143' title='bbox 465 1819 616 1882; x_wconf 69' lang='lat' dir='ltr'><strong>vPostremo</strong></span> <span class='ocrx_word' id='word_1_144' title='bbox 636 1821 772 1883; x_wconf 88' lang='lat' dir='ltr'><strong>incidunt</strong></span> <span class='ocrx_word' id='word_1_145' title='bbox 792 1820 1010 1894; x_wconf 85' lang='lat' dir='ltr'><strong>accusationes,</strong></span> <span class='ocrx_word' id='word_1_146' title='bbox 1048 1820 1236 1901; x_wconf 88' lang='lat' dir='ltr'><strong>vituperatio·</strong></span> 
     </span>
     <span class='ocr_line' id='line_1_19' title="bbox 267 1898 1235 1979; baseline 0.004 -19"><span class='ocrx_word' id='word_1_147' title='bbox 267 1915 338 1975; x_wconf 87' lang='lat' dir='ltr'><strong>nes,</strong></span> <span class='ocrx_word' id='word_1_148' title='bbox 360 1898 500 1960; x_wconf 81' lang='lat' dir='ltr'><strong>suasiones</strong></span> <span class='ocrx_word' id='word_1_149' title='bbox 518 1918 526 1958; x_wconf 80' lang='lat' dir='ltr'><strong>t</strong></span> <span class='ocrx_word' id='word_1_150' title='bbox 548 1899 697 1976; x_wconf 89' lang='lat' dir='ltr'><strong>totidem,</strong></span> <span class='ocrx_word' id='word_1_151' title='bbox 718 1901 764 1963; x_wconf 92' lang='lat' dir='ltr'><strong>his</strong></span> <span class='ocrx_word' id='word_1_152' title='bbox 809 1920 851 1961; x_wconf 87' lang='lat' dir='ltr'><strong>uae</strong></span> <span class='ocrx_word' id='word_1_153' title='bbox 874 1917 1076 1979; x_wconf 81' lang='lat' dir='ltr'><strong>opponantur,</strong></span> <span class='ocrx_word' id='word_1_154' title='bbox 1097 1898 1235 1964; x_wconf 82' lang='lat' dir='ltr'><strong>defensio·</strong></span> 
     </span>
     <span class='ocr_line' id='line_1_20' title="bbox 265 1913 1231 2070; baseline 0 -28"><span class='ocrx_word' id='word_1_155' title='bbox 265 1995 337 2054; x_wconf 78' lang='lat' dir='ltr'><strong>nes,</strong></span> <span class='ocrx_word' id='word_1_156' title='bbox 360 1978 560 2053; x_wconf 78' lang='lat' dir='ltr'><strong>laudationes,</strong></span> <span class='ocrx_word' id='word_1_157' title='bbox 580 1913 915 2041; x_wconf 61' lang='lat' dir='ltr'><strong>dilluallones.ilorum</strong></span> <span class='ocrx_word' id='word_1_158' title='bbox 936 1981 1070 2044; x_wconf 86' lang='lat' dir='ltr'><strong>omnium</strong></span> <span class='ocrx_word' id='word_1_159' title='bbox 1092 2001 1231 2070; x_wconf 82' lang='lat' dir='ltr'><strong>generum</strong></span> 
     </span>
     <span class='ocr_line' id='line_1_21' title="bbox 265 2057 1227 2151; baseline -0.001 -29"><span class='ocrx_word' id='word_1_160' title='bbox 265 2057 432 2141; x_wconf 86' lang='lat' dir='ltr'><strong>imagines,</strong></span> <span class='ocrx_word' id='word_1_161' title='bbox 454 2072 518 2120; x_wconf 89' lang='lat' dir='ltr'><strong>mea</strong></span> <span class='ocrx_word' id='word_1_162' title='bbox 537 2059 657 2151; x_wconf 84' lang='lat' dir='ltr'><strong>quidem</strong></span> <span class='ocrx_word' id='word_1_163' title='bbox 678 2058 837 2134; x_wconf 83' lang='lat' dir='ltr'><strong>sententia,</strong></span> <span class='ocrx_word' id='word_1_164' title='bbox 859 2074 910 2120; x_wconf 90' lang='lat' dir='ltr'><strong>aut</strong></span> <span class='ocrx_word' id='word_1_165' title='bbox 931 2059 967 2121; x_wconf 90' lang='lat' dir='ltr'><strong>ab</strong></span> <span class='ocrx_word' id='word_1_166' title='bbox 989 2080 1048 2122; x_wconf 87' lang='lat' dir='ltr'><strong>uno</strong></span> <span class='ocrx_word' id='word_1_167' title='bbox 1068 2060 1227 2136; x_wconf 82' lang='lat' dir='ltr'><strong>Cicerone,</strong></span> 
     </span>
     <span class='ocr_line' id='line_1_22' title="bbox 269 2138 1232 2219; baseline 0.002 -20"><span class='ocrx_word' id='word_1_168' title='bbox 269 2151 324 2202; x_wconf 79' lang='lat' dir='ltr'><strong>aut</strong></span> <span class='ocrx_word' id='word_1_169' title='bbox 344 2158 364 2201; x_wconf 91' lang='lat' dir='ltr'><strong>a</strong></span> <span class='ocrx_word' id='word_1_170' title='bbox 383 2139 501 2199; x_wconf 87' lang='lat' dir='ltr'><strong>nemine</strong></span> <span class='ocrx_word' id='word_1_171' title='bbox 520 2139 579 2201; x_wconf 82' lang='lat' dir='ltr'><strong>alio</strong></span> <span class='ocrx_word' id='word_1_172' title='bbox 601 2138 667 2202; x_wconf 87' lang='lat' dir='ltr'><strong>sunt</strong></span> <span class='ocrx_word' id='word_1_173' title='bbox 695 2138 824 2219; x_wconf 80' lang='lat' dir='ltr'><strong>petenda</strong></span> <span class='ocrx_word' id='word_1_174' title='bbox 846 2183 853 2199; x_wconf 93' lang='lat'><strong>.</strong></span> <span class='ocrx_word' id='word_1_175' title='bbox 882 2138 1031 2219; x_wconf 89' lang='lat' dir='ltr'><strong>Siquidem</strong></span> <span class='ocrx_word' id='word_1_176' title='bbox 1052 2140 1099 2200; x_wconf 91' lang='lat' dir='ltr'><strong>hic</strong></span> <span class='ocrx_word' id='word_1_177' title='bbox 1123 2140 1165 2200; x_wconf 91' lang='lat' dir='ltr'><strong>ita</strong></span> <span class='ocrx_word' id='word_1_178' title='bbox 1185 2161 1232 2201; x_wconf 87' lang='lat' dir='ltr'><strong>eas</strong></span> 
     </span>
     <span class='ocr_line' id='line_1_23' title="bbox 263 2216 1232 2299; baseline 0 -19"><span class='ocrx_word' id='word_1_179' title='bbox 263 2216 405 2280; x_wconf 89' lang='lat' dir='ltr'><strong>omnibus</strong></span> <span class='ocrx_word' id='word_1_180' title='bbox 434 2216 490 2279; x_wconf 82' lang='lat' dir='ltr'><strong>suis</strong></span> <span class='ocrx_word' id='word_1_181' title='bbox 520 2217 729 2292; x_wconf 88' lang='lat' dir='ltr'><strong>lineamentis,</strong></span> <span class='ocrx_word' id='word_1_182' title='bbox 760 2233 848 2299; x_wconf 90' lang='lat' dir='ltr'><strong>atque</strong></span> <span class='ocrx_word' id='word_1_183' title='bbox 876 2218 1017 2278; x_wconf 89' lang='lat' dir='ltr'><strong>coloribus</strong></span> <span class='ocrx_word' id='word_1_184' title='bbox 1047 2218 1232 2280; x_wconf 85' lang='lat' dir='ltr'><strong>describendo</strong></span> 
     </span>
     <span class='ocr_line' id='line_1_24' title="bbox 265 2296 1230 2379; baseline -0.002 -20"><span class='ocrx_word' id='word_1_185' title='bbox 265 2296 420 2378; x_wconf 82' lang='lat' dir='ltr'><strong>expreffit,</strong></span> <span class='ocrx_word' id='word_1_186' title='bbox 442 2298 540 2379; x_wconf 88' lang='lat' dir='ltr'><strong>itaque</strong></span> <span class='ocrx_word' id='word_1_187' title='bbox 560 2298 699 2377; x_wconf 81' lang='lat' dir='ltr'><strong>expr&#39;ellas</strong></span> <span class='ocrx_word' id='word_1_188' title='bbox 721 2298 804 2357; x_wconf 90' lang='lat' dir='ltr'><strong>omni</strong></span> <span class='ocrx_word' id='word_1_189' title='bbox 824 2296 963 2357; x_wconf 90' lang='lat' dir='ltr'><strong>orationis</strong></span> <span class='ocrx_word' id='word_1_190' title='bbox 984 2311 1090 2357; x_wconf 91' lang='lat' dir='ltr'><strong>ornatu</strong></span> <span class='ocrx_word' id='word_1_191' title='bbox 1106 2296 1230 2360; x_wconf 86' lang='lat' dir='ltr'><strong>illustra-</strong></span> 
     </span>
     <span class='ocr_line' id='line_1_25' title="bbox 269 2373 1228 2452; baseline -0.003 -13"><span class='ocrx_word' id='word_1_192' title='bbox 269 2378 333 2452; x_wconf 87' lang='lat' dir='ltr'><strong>vit,</strong></span> <span class='ocrx_word' id='word_1_193' title='bbox 358 2390 410 2451; x_wconf 85' lang='lat' dir='ltr'><strong>ut,</strong></span> <span class='ocrx_word' id='word_1_194' title='bbox 430 2377 462 2439; x_wconf 91' lang='lat' dir='ltr'><strong>in</strong></span> <span class='ocrx_word' id='word_1_195' title='bbox 484 2390 549 2439; x_wconf 89' lang='lat' dir='ltr'><strong>utro</strong></span> <span class='ocrx_word' id='word_1_196' title='bbox 570 2376 605 2437; x_wconf 80' lang='lat' dir='ltr'><strong>sit</strong></span> <span class='ocrx_word' id='word_1_197' title='bbox 625 2376 765 2444; x_wconf 85' lang='lat' dir='ltr'><strong>maiorem</strong></span> <span class='ocrx_word' id='word_1_198' title='bbox 787 2375 901 2435; x_wconf 87' lang='lat' dir='ltr'><strong>laudem</strong></span> <span class='ocrx_word' id='word_1_199' title='bbox 923 2373 1084 2447; x_wconf 80' lang='lat' dir='ltr'><strong>assecutus,</strong></span> <span class='ocrx_word' id='word_1_200' title='bbox 1105 2394 1165 2436; x_wconf 92' lang='lat' dir='ltr'><strong>non</strong></span> <span class='ocrx_word' id='word_1_201' title='bbox 1187 2373 1228 2436; x_wconf 84' lang='lat' dir='ltr'><strong>fa-</strong></span> 
     </span>
     <span class='ocr_line' id='line_1_26' title="bbox 268 2450 1226 2538; baseline -0.002 -21"><span class='ocrx_word' id='word_1_202' title='bbox 268 2455 324 2518; x_wconf 74' lang='lat' dir='ltr'><strong>cile</strong></span> <span class='ocrx_word' id='word_1_203' title='bbox 346 2455 476 2519; x_wconf 77' lang='lat' dir='ltr'><strong>dixeris.</strong></span> <span class='ocrx_word' id='word_1_204' title='bbox 507 2458 587 2518; x_wconf 87' lang='lat' dir='ltr'><strong>Nam</strong></span> <span class='ocrx_word' id='word_1_205' title='bbox 609 2455 687 2538; x_wconf 80' lang='lat' dir='ltr'><strong>quod</strong></span> <span class='ocrx_word' id='word_1_206' title='bbox 708 2454 744 2518; x_wconf 90' lang='lat' dir='ltr'><strong>ad</strong></span> <span class='ocrx_word' id='word_1_207' title='bbox 765 2454 896 2535; x_wconf 85' lang='lat' dir='ltr'><strong>epistolas</strong></span> <span class='ocrx_word' id='word_1_208' title='bbox 916 2450 929 2534; x_wconf 89' lang='lat'><strong>[</strong></span> <span class='ocrx_word' id='word_1_209' title='bbox 949 2452 1033 2533; x_wconf 88' lang='lat' dir='ltr'><strong>plane</strong></span> <span class='ocrx_word' id='word_1_210' title='bbox 1056 2452 1106 2514; x_wconf 81' lang='lat' dir='ltr'><strong>scis</strong></span> <span class='ocrx_word' id='word_1_211' title='bbox 1129 2474 1226 2516; x_wconf 85' lang='lat' dir='ltr'><strong>earum</strong></span> 
     </span>
     <span class='ocr_line' id='line_1_27' title="bbox 264 2530 1228 2620; baseline -0.001 -23"><span class='ocrx_word' id='word_1_212' title='bbox 264 2534 364 2599; x_wconf 87' lang='lat' dir='ltr'><strong>multa</strong></span> <span class='ocrx_word' id='word_1_213' title='bbox 384 2535 436 2600; x_wconf 88' lang='lat' dir='ltr'><strong>elle</strong></span> <span class='ocrx_word' id='word_1_214' title='bbox 455 2535 593 2620; x_wconf 89' lang='lat' dir='ltr'><strong>genera]</strong></span> <span class='ocrx_word' id='word_1_215' title='bbox 624 2551 676 2597; x_wconf 86' lang='lat' dir='ltr'><strong>aut</strong></span> <span class='ocrx_word' id='word_1_216' title='bbox 698 2534 746 2597; x_wconf 92' lang='lat' dir='ltr'><strong>hic</strong></span> <span class='ocrx_word' id='word_1_217' title='bbox 767 2554 840 2595; x_wconf 84' lang='lat' dir='ltr'><strong>unus</strong></span> <span class='ocrx_word' id='word_1_218' title='bbox 861 2533 960 2595; x_wconf 85' lang='lat' dir='ltr'><strong>omnia</strong></span> <span class='ocrx_word' id='word_1_219' title='bbox 981 2530 1143 2594; x_wconf 84' lang='lat' dir='ltr'><strong>feliciffime</strong></span> <span class='ocrx_word' id='word_1_220' title='bbox 1163 2554 1228 2596; x_wconf 86' lang='lat' dir='ltr'><strong>exe·</strong></span> 
     </span>
     <span class='ocr_line' id='line_1_28' title="bbox 263 2613 1227 2698; baseline 0 -21"><span class='ocrx_word' id='word_1_221' title='bbox 263 2632 349 2678; x_wconf 90' lang='lat' dir='ltr'><strong>cutus</strong></span> <span class='ocrx_word' id='word_1_222' title='bbox 371 2615 428 2692; x_wconf 85' lang='lat' dir='ltr'><strong>est,</strong></span> <span class='ocrx_word' id='word_1_223' title='bbox 449 2633 499 2678; x_wconf 90' lang='lat' dir='ltr'><strong>aut</strong></span> <span class='ocrx_word' id='word_1_224' title='bbox 520 2637 583 2698; x_wconf 80' lang='lat' dir='ltr'><strong>qua</strong></span> <span class='ocrx_word' id='word_1_225' title='bbox 603 2635 663 2683; x_wconf 86' lang='lat' dir='ltr'><strong>non</strong></span> <span class='ocrx_word' id='word_1_226' title='bbox 685 2614 802 2695; x_wconf 89' lang='lat' dir='ltr'><strong>attigit,</strong></span> <span class='ocrx_word' id='word_1_227' title='bbox 825 2613 873 2675; x_wconf 88' lang='lat' dir='ltr'><strong>vel</strong></span> <span class='ocrx_word' id='word_1_228' title='bbox 894 2613 922 2674; x_wconf 93' lang='lat' dir='ltr'><strong>id</strong></span> <span class='ocrx_word' id='word_1_229' title='bbox 944 2613 1034 2676; x_wconf 78' lang='lat' dir='ltr'><strong>facete</strong></span> <span class='ocrx_word' id='word_1_230' title='bbox 1054 2613 1081 2676; x_wconf 88' lang='lat' dir='ltr'><strong>ei</strong></span> <span class='ocrx_word' id='word_1_231' title='bbox 1104 2614 1227 2677; x_wconf 87' lang='lat' dir='ltr'><strong>minime</strong></span> 
     </span>
     <span class='ocr_line' id='line_1_29' title="bbox 261 2692 1226 2776; baseline 0 -20"><span class='ocrx_word' id='word_1_232' title='bbox 261 2694 328 2757; x_wconf 79' lang='lat' dir='ltr'><strong>usus</strong></span> <span class='ocrx_word' id='word_1_233' title='bbox 350 2696 450 2769; x_wconf 89' lang='lat' dir='ltr'><strong>venit,</strong></span> <span class='ocrx_word' id='word_1_234' title='bbox 471 2696 518 2758; x_wconf 90' lang='lat' dir='ltr'><strong>vel</strong></span> <span class='ocrx_word' id='word_1_235' title='bbox 538 2694 709 2776; x_wconf 74' lang='lat' dir='ltr'><strong>contempit</strong></span> <span class='ocrx_word' id='word_1_236' title='bbox 729 2694 876 2756; x_wconf 90' lang='lat' dir='ltr'><strong>omnino.</strong></span> <span class='ocrx_word' id='word_1_237' title='bbox 899 2693 985 2756; x_wconf 89' lang='lat' dir='ltr'><strong>Certe</strong></span> <span class='ocrx_word' id='word_1_238' title='bbox 1007 2692 1027 2754; x_wconf 85' lang='lat' dir='ltr'>fi</span> <span class='ocrx_word' id='word_1_239' title='bbox 1049 2693 1141 2775; x_wconf 90' lang='lat' dir='ltr'><strong>quis,</strong></span> <span class='ocrx_word' id='word_1_240' title='bbox 1161 2714 1226 2776; x_wconf 79' lang='lat' dir='ltr'><strong>quae</strong></span> 
     </span>
     <span class='ocr_line' id='line_1_30' title="bbox 262 2767 1226 2856; baseline 0.002 -22"><span class='ocrx_word' id='word_1_241' title='bbox 262 2767 367 2837; x_wconf 83' lang='lat' dir='ltr'><strong>Cicero</strong></span> <span class='ocrx_word' id='word_1_242' title='bbox 384 2775 539 2850; x_wconf 74' lang='lat' dir='ltr'><strong>tratiavit,</strong></span> <span class='ocrx_word' id='word_1_243' title='bbox 560 2775 682 2856; x_wconf 74' lang='lat' dir='ltr'><strong>perfedle</strong></span> <span class='ocrx_word' id='word_1_244' title='bbox 698 2774 830 2848; x_wconf 90' lang='lat' dir='ltr'><strong>noverit,</strong></span> <span class='ocrx_word' id='word_1_245' title='bbox 853 2773 927 2836; x_wconf 90' lang='lat' dir='ltr'><strong>nihil</strong></span> <span class='ocrx_word' id='word_1_246' title='bbox 945 2793 1046 2836; x_wconf 87' lang='lat' dir='ltr'><strong>vereor</strong></span> <span class='ocrx_word' id='word_1_247' title='bbox 1060 2818 1069 2849; x_wconf 90' lang='lat'><strong>,</strong></span> <span class='ocrx_word' id='word_1_248' title='bbox 1083 2775 1156 2856; x_wconf 86' lang='lat' dir='ltr'><strong>quin</strong></span> <span class='ocrx_word' id='word_1_249' title='bbox 1173 2794 1226 2836; x_wconf 78' lang='lat' dir='ltr'><strong>cae·</strong></span> 
     </span>
     <span class='ocr_line' id='line_1_31' title="bbox 263 2851 1223 2945; baseline 0.002 -32"><span class='ocrx_word' id='word_1_250' title='bbox 263 2866 324 2915; x_wconf 86' lang='lat' dir='ltr'><strong>teta</strong></span> <span class='ocrx_word' id='word_1_251' title='bbox 345 2874 464 2945; x_wconf 82' lang='lat' dir='ltr'><strong>quoque</strong></span> <span class='ocrx_word' id='word_1_252' title='bbox 492 2869 509 2917; x_wconf 90' lang='lat' dir='ltr'><strong>a</strong></span> <span class='ocrx_word' id='word_1_253' title='bbox 538 2854 647 2936; x_wconf 85' lang='lat' dir='ltr'><strong>seipso</strong></span> <span class='ocrx_word' id='word_1_254' title='bbox 675 2851 762 2935; x_wconf 80' lang='lat' dir='ltr'><strong>poffit</strong></span> <span class='ocrx_word' id='word_1_255' title='bbox 783 2855 894 2935; x_wconf 85' lang='lat' dir='ltr'><strong>egregie</strong></span> <span class='ocrx_word' id='word_1_256' title='bbox 917 2852 1115 2936; x_wconf 70' lang='lat' dir='ltr'><strong>pertraclare3</strong></span> <span class='ocrx_word' id='word_1_257' title='bbox 1144 2854 1223 2934; x_wconf 89' lang='lat' dir='ltr'><strong>quod</strong></span> 
     </span>
     <span class='ocr_line' id='line_1_32' title="bbox 261 2929 1224 3072; baseline 0.001 -79"><span class='ocrx_word' id='word_1_258' title='bbox 261 2929 388 2995; x_wconf 86' lang='lat' dir='ltr'><strong>Bembus</strong></span> <span class='ocrx_word' id='word_1_259' title='bbox 409 2956 440 2997; x_wconf 90' lang='lat' dir='ltr'><strong>m</strong></span> <span class='ocrx_word' id='word_1_260' title='bbox 462 2934 518 2997; x_wconf 80' lang='lat' dir='ltr'><strong>suis</strong></span> <span class='ocrx_word' id='word_1_261' title='bbox 540 2932 601 3015; x_wconf 89' lang='lat' dir='ltr'><strong>[ut</strong></span> <span class='ocrx_word' id='word_1_262' title='bbox 617 2932 743 3072; x_wconf 47' lang='lat' dir='ltr'><strong>dicunt‘]</strong></span> <span class='ocrx_word' id='word_1_263' title='bbox 767 2933 904 2994; x_wconf 87' lang='lat' dir='ltr'><strong>Brevibus</strong></span> <span class='ocrx_word' id='word_1_264' title='bbox 925 2934 1035 3012; x_wconf 91' lang='lat' dir='ltr'><strong>optime</strong></span> <span class='ocrx_word' id='word_1_265' title='bbox 1054 2933 1224 3012; x_wconf 88' lang='lat' dir='ltr'><strong>comproba·</strong></span> 
     </span>
     <span class='ocr_line' id='line_1_33' title="bbox 262 3012 1224 3096; baseline 0 -23"><span class='ocrx_word' id='word_1_266' title='bbox 262 3012 325 3075; x_wconf 86' lang='lat' dir='ltr'><strong>vit:</strong></span> <span class='ocrx_word' id='word_1_267' title='bbox 347 3014 400 3096; x_wconf 89' lang='lat' dir='ltr'><strong>qui</strong></span> <span class='ocrx_word' id='word_1_268' title='bbox 422 3014 459 3076; x_wconf 86' lang='lat' dir='ltr'><strong>fit</strong></span> <span class='ocrx_word' id='word_1_269' title='bbox 480 3036 514 3075; x_wconf 88' lang='lat' dir='ltr'><strong>ea</strong></span> <span class='ocrx_word' id='word_1_270' title='bbox 536 3016 566 3075; x_wconf 94' lang='lat' dir='ltr'><strong>in</strong></span> <span class='ocrx_word' id='word_1_271' title='bbox 582 3012 706 3095; x_wconf 77' lang='lat' dir='ltr'><strong>epistola</strong></span> <span class='ocrx_word' id='word_1_272' title='bbox 734 3033 846 3073; x_wconf 87' lang='lat' dir='ltr'><strong>ormam</strong></span> <span class='ocrx_word' id='word_1_273' title='bbox 868 3012 995 3090; x_wconf 88' lang='lat' dir='ltr'><strong>redegit,</strong></span> <span class='ocrx_word' id='word_1_274' title='bbox 1016 3028 1065 3085; x_wconf 83' lang='lat' dir='ltr'><strong>ut,</strong></span> <span class='ocrx_word' id='word_1_275' title='bbox 1087 3031 1153 3071; x_wconf 91' lang='lat' dir='ltr'><strong>cum</strong></span> <span class='ocrx_word' id='word_1_276' title='bbox 1171 3012 1224 3073; x_wconf 83' lang='lat' dir='ltr'><strong>illa</strong></span> 
     </span>
     <span class='ocr_line' id='line_1_34' title="bbox 262 3088 1222 3181; baseline -0.002 -28"><span class='ocrx_word' id='word_1_277' title='bbox 262 3088 359 3174; x_wconf 89' lang='lat' dir='ltr'><strong>legas,</strong></span> <span class='ocrx_word' id='word_1_278' title='bbox 380 3111 449 3157; x_wconf 81' lang='lat' dir='ltr'><strong>vere</strong></span> <span class='ocrx_word' id='word_1_279' title='bbox 469 3094 591 3157; x_wconf 87' lang='lat' dir='ltr'><strong>Latinas</strong></span> <span class='ocrx_word' id='word_1_280' title='bbox 612 3091 744 3172; x_wconf 83' lang='lat' dir='ltr'><strong>epistolas</strong></span> <span class='ocrx_word' id='word_1_281' title='bbox 765 3092 857 3181; x_wconf 85' lang='lat' dir='ltr'><strong>legere</strong></span> <span class='ocrx_word' id='word_1_282' title='bbox 877 3090 1027 3151; x_wconf 89' lang='lat' dir='ltr'><strong>videaris.</strong></span> <span class='ocrx_word' id='word_1_283' title='bbox 1051 3090 1128 3150; x_wconf 89' lang='lat' dir='ltr'><strong>Cum</strong></span> <span class='ocrx_word' id='word_1_284' title='bbox 1151 3109 1222 3151; x_wconf 93' lang='lat' dir='ltr'><strong>vero</strong></span> 
     </span>
     <span class='ocr_line' id='line_1_35' title="bbox 259 3168 1223 3253; baseline -0.004 -20"><span class='ocrx_word' id='word_1_285' title='bbox 259 3172 417 3253; x_wconf 73' lang='lat' dir='ltr'><strong>precipit,</strong></span> <span class='ocrx_word' id='word_1_286' title='bbox 448 3192 507 3235; x_wconf 89' lang='lat' dir='ltr'><strong>non</strong></span> <span class='ocrx_word' id='word_1_287' title='bbox 529 3192 589 3236; x_wconf 90' lang='lat' dir='ltr'><strong>tam</strong></span> <span class='ocrx_word' id='word_1_288' title='bbox 612 3172 641 3233; x_wconf 92' lang='lat' dir='ltr'><strong>id</strong></span> <span class='ocrx_word' id='word_1_289' title='bbox 663 3171 725 3252; x_wconf 89' lang='lat' dir='ltr'><strong>agit</strong></span> <span class='ocrx_word' id='word_1_290' title='bbox 747 3168 830 3232; x_wconf 81' lang='lat' dir='ltr'><strong>facile</strong></span> <span class='ocrx_word' id='word_1_291' title='bbox 854 3168 965 3251; x_wconf 85' lang='lat' dir='ltr'><strong>[quod</strong></span> <span class='ocrx_word' id='word_1_292' title='bbox 988 3169 1050 3247; x_wconf 89' lang='lat' dir='ltr'><strong>agit</strong></span> <span class='ocrx_word' id='word_1_293' title='bbox 1070 3189 1158 3251; x_wconf 87' lang='lat' dir='ltr'><strong>quam</strong></span> <span class='ocrx_word' id='word_1_294' title='bbox 1180 3168 1223 3230; x_wconf 82' lang='lat' dir='ltr'><strong>fa·</strong></span> 
     </span>
     <span class='ocr_line' id='line_1_36' title="bbox 262 3248 1221 3335; baseline 0 -24"><span class='ocrx_word' id='word_1_295' title='bbox 262 3251 374 3313; x_wconf 87' lang='lat' dir='ltr'><strong>cillime</strong></span> <span class='ocrx_word' id='word_1_296' title='bbox 394 3250 406 3333; x_wconf 94' lang='grc'>]</span> <span class='ocrx_word' id='word_1_297' title='bbox 428 3273 516 3335; x_wconf 91' lang='lat' dir='ltr'><strong>quam</strong></span> <span class='ocrx_word' id='word_1_298' title='bbox 537 3251 682 3325; x_wconf 89' lang='lat' dir='ltr'><strong>fideliter,</strong></span> <span class='ocrx_word' id='word_1_299' title='bbox 704 3265 735 3310; x_wconf 89' lang='lat' dir='ltr'><strong>at</strong></span> <span class='ocrx_word' id='word_1_300' title='bbox 758 3270 793 3311; x_wconf 92' lang='lat' dir='ltr'><strong>ue</strong></span> <span class='ocrx_word' id='word_1_301' title='bbox 813 3248 968 3310; x_wconf 73' lang='lat' dir='ltr'><strong>distinete.</strong></span> <span class='ocrx_word' id='word_1_302' title='bbox 992 3250 1072 3309; x_wconf 85' lang='lat' dir='ltr'><strong>Nam</strong></span> <span class='ocrx_word' id='word_1_303' title='bbox 1094 3248 1113 3309; x_wconf 87' lang='lat' dir='ltr'><strong>sr</strong></span> <span class='ocrx_word' id='word_1_304' title='bbox 1135 3248 1170 3310; x_wconf 93' lang='lat' dir='ltr'><strong>de</strong></span> <span class='ocrx_word' id='word_1_305' title='bbox 1190 3270 1221 3311; x_wconf 91' lang='lat' dir='ltr'><strong>re</strong></span> 
     </span>
     <span class='ocr_line' id='line_1_37' title="bbox 261 3327 1221 3414; baseline 0 -23"><span class='ocrx_word' id='word_1_306' title='bbox 261 3329 421 3413; x_wconf 86' lang='lat' dir='ltr'><strong>multiplici</strong></span> <span class='ocrx_word' id='word_1_307' title='bbox 444 3349 584 3414; x_wconf 83' lang='lat' dir='ltr'><strong>praecepta</strong></span> <span class='ocrx_word' id='word_1_308' title='bbox 605 3332 670 3392; x_wconf 86' lang='lat' dir='ltr'><strong>suut</strong></span> <span class='ocrx_word' id='word_1_309' title='bbox 693 3345 720 3391; x_wconf 89' lang='lat' dir='ltr'><strong>tr</strong></span> <span class='ocrx_word' id='word_1_310' title='bbox 756 3328 853 3402; x_wconf 89' lang='lat' dir='ltr'><strong>enda,</strong></span> <span class='ocrx_word' id='word_1_311' title='bbox 884 3328 979 3393; x_wconf 82' lang='lat' dir='ltr'><strong>statim</strong></span> <span class='ocrx_word' id='word_1_312' title='bbox 1000 3348 1034 3390; x_wconf 87' lang='lat' dir='ltr'><strong>ea</strong></span> <span class='ocrx_word' id='word_1_313' title='bbox 1055 3329 1087 3390; x_wconf 90' lang='lat' dir='ltr'><strong>in</strong></span> <span class='ocrx_word' id='word_1_314' title='bbox 1109 3327 1158 3391; x_wconf 84' lang='lat' dir='ltr'><strong>sua</strong></span> <span class='ocrx_word' id='word_1_315' title='bbox 1178 3329 1221 3391; x_wconf 83' lang='lat' dir='ltr'><strong>di·</strong></span> 
     </span>
     <span class='ocr_line' id='line_1_38' title="bbox 260 3407 1218 3549; baseline 0 -79"><span class='ocrx_word' id='word_1_316' title='bbox 260 3409 334 3472; x_wconf 78' lang='lat' dir='ltr'><strong>uidit</strong></span> <span class='ocrx_word' id='word_1_317' title='bbox 354 3412 471 3492; x_wconf 85' lang='lat' dir='ltr'><strong>capita3</strong></span> <span class='ocrx_word' id='word_1_318' title='bbox 493 3425 587 3496; x_wconf 88' lang='lat' dir='ltr'><strong>partes</strong></span> <span class='ocrx_word' id='word_1_319' title='bbox 607 3409 710 3471; x_wconf 89' lang='lat' dir='ltr'><strong>deinde</strong></span> <span class='ocrx_word' id='word_1_320' title='bbox 731 3408 866 3490; x_wconf 83' lang='lat' dir='ltr'><strong>cuiusque</strong></span> <span class='ocrx_word' id='word_1_321' title='bbox 886 3407 991 3549; x_wconf 46' lang='lat' dir='ltr'><strong>catgitis</strong></span> <span class='ocrx_word' id='word_1_322' title='bbox 1007 3408 1084 3470; x_wconf 75' lang='lat' dir='ltr'><strong>recle</strong></span> <span class='ocrx_word' id='word_1_323' title='bbox 1100 3408 1218 3484; x_wconf 90' lang='lat' dir='ltr'><strong>ordine,</strong></span> 
     </span>
     <span class='ocr_line' id='line_1_39' title="bbox 263 3487 1223 3572; baseline -0.001 -22"><span class='ocrx_word' id='word_1_324' title='bbox 263 3504 349 3572; x_wconf 83' lang='lat' dir='ltr'><strong>atque</strong></span> <span class='ocrx_word' id='word_1_325' title='bbox 372 3491 485 3553; x_wconf 87' lang='lat' dir='ltr'><strong>rarione</strong></span> <span class='ocrx_word' id='word_1_326' title='bbox 508 3490 728 3562; x_wconf 83' lang='lat' dir='ltr'><strong>absolutiffime,</strong></span> <span class='ocrx_word' id='word_1_327' title='bbox 747 3508 783 3549; x_wconf 90' lang='lat' dir='ltr'><strong>ac</strong></span> <span class='ocrx_word' id='word_1_328' title='bbox 803 3488 910 3550; x_wconf 89' lang='lat' dir='ltr'><strong>minuti</strong></span> <span class='ocrx_word' id='word_1_329' title='bbox 934 3510 992 3550; x_wconf 86' lang='lat' dir='ltr'><strong>rme</strong></span> <span class='ocrx_word' id='word_1_330' title='bbox 1011 3487 1145 3552; x_wconf 87' lang='lat' dir='ltr'><strong>conficit.</strong></span> <span class='ocrx_word' id='word_1_331' title='bbox 1166 3490 1223 3550; x_wconf 85' lang='lat' dir='ltr'><strong>Sin</strong></span> 
     </span>
     <span class='ocr_line' id='line_1_40' title="bbox 262 3568 1220 3651; baseline 0 -22"><span class='ocrx_word' id='word_1_332' title='bbox 262 3581 358 3631; x_wconf 81' lang='lat' dir='ltr'><strong>autem</strong></span> <span class='ocrx_word' id='word_1_333' title='bbox 390 3572 486 3633; x_wconf 91' lang='lat' dir='ltr'><strong>oratio</strong></span> <span class='ocrx_word' id='word_1_334' title='bbox 507 3570 593 3632; x_wconf 89' lang='lat' dir='ltr'><strong>altius</strong></span> <span class='ocrx_word' id='word_1_335' title='bbox 615 3569 744 3632; x_wconf 85' lang='lat' dir='ltr'><strong>tollenda</strong></span> <span class='ocrx_word' id='word_1_336' title='bbox 766 3569 831 3643; x_wconf 88' lang='lat' dir='ltr'><strong>est,</strong></span> <span class='ocrx_word' id='word_1_337' title='bbox 861 3584 948 3651; x_wconf 85' lang='lat' dir='ltr'><strong>atque</strong></span> <span class='ocrx_word' id='word_1_338' title='bbox 976 3585 1027 3630; x_wconf 92' lang='lat' dir='ltr'><strong>aut</strong></span> <span class='ocrx_word' id='word_1_339' title='bbox 1047 3568 1084 3629; x_wconf 87' lang='lat' dir='ltr'><strong>ad</strong></span> <span class='ocrx_word' id='word_1_340' title='bbox 1104 3568 1220 3637; x_wconf 80' lang='lat' dir='ltr'><strong>Judices</strong></span> 
     </span>
     <span class='ocr_line' id='line_1_41' title="bbox 263 3645 1219 3733; baseline -0.004 -24"><span class='ocrx_word' id='word_1_341' title='bbox 263 3648 342 3711; x_wconf 81' lang='lat' dir='ltr'><strong>causa</strong></span> <span class='ocrx_word' id='word_1_342' title='bbox 363 3649 403 3711; x_wconf 90' lang='lat' dir='ltr'><strong>est</strong></span> <span class='ocrx_word' id='word_1_343' title='bbox 424 3650 599 3730; x_wconf 88' lang='lat' dir='ltr'><strong>peroranda,</strong></span> <span class='ocrx_word' id='word_1_344' title='bbox 620 3650 821 3730; x_wconf 89' lang='lat' dir='ltr'><strong>autaliquem</strong></span> <span class='ocrx_word' id='word_1_345' title='bbox 842 3648 877 3708; x_wconf 88' lang='lat' dir='ltr'><strong>ad</strong></span> <span class='ocrx_word' id='word_1_346' title='bbox 901 3648 1042 3727; x_wconf 89' lang='lat' dir='ltr'><strong>populum</strong></span> <span class='ocrx_word' id='word_1_347' title='bbox 1059 3645 1219 3733; x_wconf 86' lang='lat' dir='ltr'><strong>orandum,</strong></span> 
     </span>
     <span class='ocr_line' id='line_1_42' title="bbox 267 3724 1220 3806; baseline -0.001 -20"><span class='ocrx_word' id='word_1_348' title='bbox 267 3745 315 3789; x_wconf 87' lang='lat' dir='ltr'><strong>aut</strong></span> <span class='ocrx_word' id='word_1_349' title='bbox 335 3726 368 3790; x_wconf 87' lang='lat' dir='ltr'><strong>in</strong></span> <span class='ocrx_word' id='word_1_350' title='bbox 390 3730 499 3792; x_wconf 83' lang='lat' dir='ltr'><strong>Senatu</strong></span> <span class='ocrx_word' id='word_1_351' title='bbox 521 3731 649 3806; x_wconf 77' lang='lat' dir='ltr'><strong>graviter</strong></span> <span class='ocrx_word' id='word_1_352' title='bbox 668 3727 809 3791; x_wconf 86' lang='lat' dir='ltr'><strong>sententia</strong></span> <span class='ocrx_word' id='word_1_353' title='bbox 829 3726 950 3789; x_wconf 86' lang='lat' dir='ltr'><strong>dicenda</strong></span> <span class='ocrx_word' id='word_1_354' title='bbox 969 3725 1025 3795; x_wconf 71' lang='lat' dir='ltr'><strong>est,</strong></span> <span class='ocrx_word' id='word_1_355' title='bbox 1048 3740 1100 3785; x_wconf 90' lang='lat' dir='ltr'><strong>aut</strong></span> <span class='ocrx_word' id='word_1_356' title='bbox 1123 3724 1168 3785; x_wconf 84' lang='lat' dir='ltr'><strong>hic</strong></span> <span class='ocrx_word' id='word_1_357' title='bbox 1186 3745 1220 3800; x_wconf 82' lang='grc' dir='ltr'><strong>ιι·Ι</strong></span> 
     </span>
     <span class='ocr_line' id='line_1_43' title="bbox 267 3803 1257 3944; baseline -0.009 -73"><span class='ocrx_word' id='word_1_358' title='bbox 267 3820 318 3871; x_wconf 77' lang='lat' dir='ltr'><strong>uus</strong></span> <span class='ocrx_word' id='word_1_359' title='bbox 339 3809 439 3871; x_wconf 87' lang='lat' dir='ltr'><strong>omnia</strong></span> <span class='ocrx_word' id='word_1_360' title='bbox 454 3810 567 3892; x_wconf 86' lang='lat' dir='ltr'><strong>egregie</strong></span> <span class='ocrx_word' id='word_1_361' title='bbox 589 3807 736 3892; x_wconf 80' lang='lat' dir='ltr'><strong>ptaestitit3</strong></span> <span class='ocrx_word' id='word_1_362' title='bbox 758 3822 810 3876; x_wconf 85' lang='lat' dir='ltr'><strong>aut</strong></span> <span class='ocrx_word' id='word_1_363' title='bbox 831 3807 904 3869; x_wconf 85' lang='lat' dir='ltr'><strong>alius</strong></span> <span class='ocrx_word' id='word_1_364' title='bbox 926 3824 1029 3868; x_wconf 84' lang='lat' dir='ltr'><strong>nemo.</strong></span> <span class='ocrx_word' id='word_1_365' title='bbox 1047 3803 1218 3944; x_wconf 68' lang='lat' dir='ltr'><strong>Quisheuino</strong></span> <span class='ocrx_word' id='word_1_366' title='bbox 1251 3889 1257 3904; x_wconf 30' lang='grc' dir='ltr'>ι</span> 
     </span>
     <span class='ocr_line' id='line_1_44' title="bbox 1143 3902 1177 3945; baseline 0 0"><span class='ocrx_word' id='word_1_367' title='bbox 1143 3902 1177 3945; x_wconf 82' lang='lat' dir='ltr'><strong>oc</strong></span> 
     </span>
    </p>
   </div>
   <div class='ocr_carea' id='block_1_3' title="bbox 0 0 1522 4559">
    <p class='ocr_par' dir='ltr' id='par_1_3' title="bbox 0 0 1522 4559">
     <span class='ocr_line' id='line_1_45' title="bbox 0 0 1522 4559; baseline 0 8"><span class='ocrx_word' id='word_1_368' title='bbox 0 0 1522 4559; x_wconf 95' lang='lat' dir='ltr'><strong> </strong></span> 
     </span>
    </p>
   </div>
  </div>
 </body>
</html>
