3034 4559
335 464 373 554 72
501 465 1058 540 uarmrtnrrour

296 555 405 628 cadat,
429 571 514 632 poene
538 551 630 630 magis
652 548 787 610 omnibus
804 550 910 609 mirum
928 550 984 624 est,
999 563 1090 632 quam
1107 563 1141 612 ut
1157 549 1250 641 quem'·

295 645 384 717 quam
406 630 516 713 fugiat.
538 633 617 692 Nam
639 628 696 689 sive
717 628 767 689 sua
788 627 913 708 sponte,
934 628 990 690 sive
1012 649 1059 709 per
1080 629 1154 691 alios
1172 631 1200 692 1d
1214 629 1249 692 fa·

295 714 375 775 ciant
397 713 611 790 Praeoeptores,
633 728 717 790 poene
738 710 796 780 jam
816 723 863 768 tot
884 708 940 769 via
960 705 1143 790 praecip‘iendi
1165 708 1249 786 suut,

294 808 369 874 quot
389 791 478 851 etiarn
508 805 714 870 praceptorum
736 788 890 869 Scriptores
913 804 1120 850 numerantur.
1151 788 1249 850 Conti-

295 893 356 933 nuo
377 871 456 932 enim
477 870 507 930 in
531 869 575 929 his
598 869 692 941 sunt,
742 867 772 928 ui
794 879 930 948 perpetua
952 869 1082 929 oratione
1103 883 1248 939 utuntut3

294 970 388 1032 neque
410 950 430 1009 ii
451 948 576 1023 desunt,
597 948 648 1029 qui
668 947 707 1008 Di
736 963 822 1028 ogo,
850 967 883 1008 ac
904 948 1049 1009 Oratione
1069 947 1249 1028 interpellata

292 1029 388 1091 mais
417 1029 619 1099 delessentur3
649 1028 743 1089 multo
766 1039 835 1087 veto
867 1026 888 1086 ii
905 1025 1003 1107 ¹plures
1025 1027 1118 1100 sunt,
1148 1027 1202 1109 qui
1221 1027 1248 1088 iu

293 1051 391 1169 muita
413 1109 509 1188 capita
550 1128 581 1168 ro
601 1125 697 1168 rerum
719 1104 928 1184 multiplicium
951 1121 1056 1168 natura
1085 1103 1169 1169 suam
1189 1105 1250 1186 scri·

291 1188 424 1268 prionem
445 1126 634 1249 distribuunt.
658 1186 719 1247 Alii
742 1186 830 1247 aliam
852 1185 1008 1267 sequuntur
1027 1187 1136 1260 viam,
1165 1201 1248 1268 atque

292 1268 462 1342 rationem,
489 1279 579 1348 prout
599 1266 703 1346 cuique
724 1285 791 1327 curn
820 1285 850 1326 re
870 1264 996 1345 suscepta
1018 1265 1083 1328 suus
1099 1265 1173 1328 ordo
1192 1285 1248 1327 mu·

252 1344 255 1349 ’
290 1346 334 1407 uis
356 1349 512 1409 convenire
541 1346 616 1409 visus
640 1345 694 1406 est.
710 1345 759 1405 ¹In
788 1343 893 1425 quibus
938 1345 1038 1406 uidem
1066 1345 1249 1426 praecipiendi

289 1393 389 1487 sormis
412 1425 547 1488 omnibus
576 1445 655 1507 aque
677 1425 764 1487 video
792 1366 1003 1504 probatislimos
1024 1424 1169 1486 Austores
1196 1422 1248 1486 esse

290 1505 416 1569 versatos
439 1526 448 1577 3
475 1506 525 1567 sed
546 1507 577 1567 in
598 1521 761 1585 perpetua,
782 1519 869 1585 atque
890 1504 1070 1585 interpellata
1090 1503 1191 1568 multo
1208 1519 1248 1582 et·

290 1586 350 1645 iam
372 1583 564 1675 probatiores.
583 1585 698 1646 Horum
721 1599 818 1645 autem
833 1585 897 1644 ¹utri
918 1582 1099 1661 nobiliores,
1128 1597 1191 1647 nola
1211 1584 1249 1648 sa·

286 1665 324 1726 tis
341 1665 535 1734 diudicetur.
556 1665 637 1724 Nam
659 1666 738 1746 quod
758 1663 795 1724 ad
815 1682 864 1724 eos
883 1665 1013 1739 attinet,
1033 1664 1087 1745 qui
1108 1677 1244 1746 perpetua

288 1745 420 1805 oratione
447 1759 588 1825 pracepta
608 1744 656 1805 sua
678 1744 821 1818 tradunt,
852 1759 903 1805 aut
922 1744 958 1804 de
977 1761 1008 1803 re
1030 1743 1180 1823 proposita
1198 1741 1247 1806 dis

287 1839 422 1904 putant,
452 1821 589 1893 maiorem
618 1823 775 1904 quamdam
797 1824 920 1903 persona
948 1823 1124 1903 gravitatem
1145 1824 1245 1888 habere

287 1902 424 1964 videntur
438 1915 449 1978 ·,'
470 1921 559 1991 quam
579 1904 630 1984 qui
650 1905 747 1964 crebra
767 1902 997 1982 interpellatione
1019 1903 1098 1964 iden'r
1119 1901 1243 1968 sariunt.

287 1980 436 2062 Siquidem
458 1982 490 2042 ln
510 1981 590 2043 suam
608 1981 780 2045 sententiam
801 2002 868 2042 cum
885 1982 1057 2043 austorirate
1073 1983 1244 2066 persequun-

286 2076 335 2121 tur
357 2081 366 2130 ;
389 2081 460 2136 ,curn
482 2058 528 2122 illi
550 2077 651 2122 contra
670 2061 770 2144 sapius
790 2060 971 2123 validissimis
995 2064 1176 2140 argumentis
1197 2063 1243 2126 rit

283 2139 410 2201 alienam
430 2139 558 2202 refellere
577 2140 684 2221 possint
705 2164 716 2201 .·
739 2162 799 2223 quo
820 2160 936 2221 quoque
956 2140 1047 2202 altero
1068 2142 1163 2204 modo
1183 2143 1241 2223 [ut

283 2239 344 2280 non
366 2220 459 2282 levem
481 2220 626 2282 interdum
647 2220 839 2293 satietatem,
890 2239 931 2280 ua
953 2220 1042 2280 estin
1073 2223 1167 2301 inquit
1184 2221 1240 2297 ,dr

283 2299 397 2377 inquam
421 2300 519 2381 sapius
538 2300 720 2381 repetendo,
737 2299 797 2360 istis
818 2240 978 2360 condonem
996 2298 1009 2379 ]
1030 2299 1137 2380 longe,
1149 2319 1238 2384 quam

282 2371 445 2458 superiori,
474 2381 572 2460 agitur
592 2379 761 2440 verbosius:
792 2378 894 2440 deinde
915 2395 1011 2452 vero,
1032 2379 1105 2456 quia
1127 2400 1146 2441 a
1166 2380 1192 2441 se
1211 2401 1239 2442 o·

281 2459 365 2519 mnia
386 2458 534 2539 proferre,
563 2477 621 2519 non
644 2475 741 2519 autem
763 2459 852 2519 etiam
872 2457 937 2518 ficte
959 2458 1076 2519 aliunde
1097 2459 1163 2522 sum
1185 2459 1237 2520 fisse

280 2535 433 2598 videntur.
456 2538 543 2611 Quod
565 2557 653 2617 quam
670 2536 747 2597 fastu
767 2535 850 2598 facile
871 2537 929 2610 sit,
952 2537 1055 2598 Cicero
1073 2539 1134 2617 ipse
1171 2539 1239 2601 ecla'·

282 2618 385 2690 tavit,
411 2618 515 2698 quiin
540 2617 589 2676 suo
619 2616 732 2677 Catone
754 2616 878 2696 legendo
905 2615 995 2677 dicere
1016 2617 1161 2694 solebat,
1191 2617 1239 2680 sibi·

282 2711 342 2752 non
365 2695 409 2767 se,
431 2695 475 2753 sed
497 2695 639 2753 Catonem
662 2694 753 2773 ipsum
777 2707 870 2775 legere
889 2695 997 2756 videri.
1016 2695 1126 2758 Cicero
1142 2699 1174 2760 in
1191 2697 1237 2759 tri·

280 2770 334 2832 bus
355 2773 389 2832 de
405 2775 531 2832 ¹Oratore
553 2772 631 2832 libris
648 2773 850 2834 absolutissime
870 2775 905 2834 de
920 2773 1045 2853 persedio
1066 2778 1196 2839 Oratore
1211 2797 1238 2838 a·

279 2852 327 2929 git
349 2871 414 2910 cum
437 2852 551 2926 Quinto
571 2851 675 2925 fratre,
696 2853 727 2912 in
749 2853 853 2933 quibus
875 2852 1005 2914 Crassum
1026 2898 1035 2926 ,
1053 2856 1237 2930 Antonium,

278 2930 447 3005 Catulum,
467 2932 507 3009 ¹&
527 2947 582 2991 tres
603 2931 792 3004 adolescentes
815 2933 956 3007 Cottam,
990 2933 1180 3013 Sulpitiurn,
1208 2936 1236 2998 dt

277 3011 313 3072 C.
329 3011 439 3081 Julium
468 3010 618 3092 loquentes
649 3011 774 3071 inducit.
802 3012 878 3071 Cum
901 3031 969 3072 vero
999 3013 1029 3071 in
1049 3015 1180 3078 Oratore
1201 3014 1233 3078 ad

278 3089 400 3151 Brutum
430 3092 532 3152 horum
554 3091 687 3151 omnium
718 3091 866 3169 personam
889 3091 964 3151 solus
986 3090 1135 3170 sustinet,
1158 3109 1237 3158 eum-⁴

276 3171 400 3251 demque
429 3172 492 3249 agit
514 3168 669 3251 perstdlum
690 3171 874 3243 Oratorem,
903 3189 992 3249 quam
1013 3173 1136 3252 gravius
1159 3175 1189 3243 id
1208 3195 1235 3236 a·

275 3264 353 3329 gat,
374 3266 463 3329 atque
483 3270 549 3311 cum
572 3252 679 3319 majore
701 3248 868 3325 dignitate,
889 3248 991 3329 cuique
1011 3249 1052 3310 est
1073 3249 1162 3315 facile
1178 3254 1236 3315 sen·

276 3329 348 3388 tire.
367 3328 398 3387 Si
418 3328 483 3407 quis
506 3346 602 3388 tamen
624 3328 698 3388 secus
717 3328 851 3400 sentiat,
874 3329 897 3386 is
914 3328 1037 3401 audiat,
1058 3332 1133 3412 quid
1153 3333 1236 3395 cite·

273 3427 307 3466 ro
335 3405 394 3482 ipse
415 3406 451 3464 ad
481 3408 603 3485 Leptam
633 3407 742 3466 dehoc
771 3406 831 3484 ipso
861 3406 975 3466 testatus
999 3407 1144 3486 sit.-Qui
1165 3431 1235 3474 vero

272 3482 391 3564 Dialogi
414 3503 523 3543 morem
547 3529 556 3559 ,
578 3507 609 3545 ac
630 3485 842 3565 interpellatam
866 3486 1026 3544 orationem
1048 3487 1237 3570 sequuntur,

272 3580 360 3646 atque
392 3563 538 3645 utriusque
571 3564 692 3643 persona
724 3563 882 3623 sermonem
910 3563 1083 3643 disputando
1112 3571 1235 3641 conjun-

271 3661 370 3727 gunt,
392 3644 486 3723 longe·
498 3644 705 3715 commodius,
727 3653 814 3722 atque
835 3642 1004 3720 explicatius
1024 3664 1112 3725 agere
1130 3666 1235 3729 putan-

272 3741 334 3787 tur.
357 3726 435 3783 Nam
458 3745 515 3784 non
538 3723 628 3783 solum
649 3721 720 3802 quid
742 3721 766 3779 is
787 3720 914 3794 sentiat,
934 3723 985 3802 qui
1006 3730 1177 3804 proponit,
1200 3730 1236 3791 de

270 3823 331 3885 quo
351 3801 533 3882 disputetur,
565 3802 611 3864 sed
632 3802 711 3885 quati
733 3798 805 3879 quid
835 3800 859 3860 is
880 3820 1024 3883 quoque,
1054 3806 1180 3885 quicum
1202 3809 1234 3872 id

1118 3907 1191 3968 aga-
