<?xml version="1.0" encoding="UTF-8"?>
<!DOCTYPE html PUBLIC "-//W3C//DTD XHTML 1.0 Transitional//EN"
    "http://www.w3.org/TR/xhtml1/DTD/xhtml1-transitional.dtd">
<html xmlns="http://www.w3.org/1999/xhtml" xml:lang="en" lang="en">
 <head>
  <title>
</title>
<meta http-equiv="Content-Type" content="text/html;charset=utf-8" />
  <meta name='ocr-system' content='tesseract 3.04.00' />
  <meta name='ocr-capabilities' content='ocr_page ocr_carea ocr_par ocr_line ocrx_word'/>
</head>
<body>
  <div class='ocr_page' id='page_1' title='image "./operumtomusprim01riccgoog/operumtomusprim01riccgoog_0053.png"; bbox 0 0 3034 4559; ppageno 0'>
   <div class='ocr_carea' id='block_1_1' title="bbox 227 464 1186 708">
    <p class='ocr_par' dir='ltr' id='par_1_1' title="bbox 227 464 1186 708">
     <span class='ocr_line' id='line_1_1' title="bbox 533 464 907 528; baseline -0.008 0"><span class='ocrx_word' id='word_1_1' title='bbox 533 465 559 528; x_wconf 85' lang='lat' dir='ltr'>L</span> <span class='ocrx_word' id='word_1_2' title='bbox 598 467 616 525; x_wconf 86' lang='grc' dir='ltr'><strong><em>Ῑ</em></strong></span> <span class='ocrx_word' id='word_1_3' title='bbox 651 469 678 525; x_wconf 89' lang='grc' dir='ltr'><strong><em>Β</em></strong></span> <span class='ocrx_word' id='word_1_4' title='bbox 717 464 743 526; x_wconf 74' lang='grc' dir='ltr'><strong><em>Β</em></strong></span> <span class='ocrx_word' id='word_1_5' title='bbox 782 466 810 524; x_wconf 85' lang='lat' dir='ltr'><em>R</em></span> <span class='ocrx_word' id='word_1_6' title='bbox 870 468 907 527; x_wconf 84' lang='grc' dir='ltr'>Π.</span> 
     </span>
     <span class='ocr_line' id='line_1_2' title="bbox 227 490 1186 631; baseline -0.015 -17"><span class='ocrx_word' id='word_1_7' title='bbox 227 546 261 613; x_wconf 76' lang='lat' dir='ltr'>&#39;nd</span> <span class='ocrx_word' id='word_1_8' title='bbox 269 546 435 613; x_wconf 76' lang='lat' dir='ltr'>maximam</span> <span class='ocrx_word' id='word_1_9' title='bbox 455 547 614 610; x_wconf 86' lang='lat' dir='ltr'>utilitatem</span> <span class='ocrx_word' id='word_1_10' title='bbox 623 544 805 626; x_wconf 85' lang='lat' dir='ltr'>excogitata,</span> <span class='ocrx_word' id='word_1_11' title='bbox 825 544 901 622; x_wconf 84' lang='lat' dir='ltr'>haec,</span> <span class='ocrx_word' id='word_1_12' title='bbox 921 544 1061 628; x_wconf 87' lang='lat' dir='ltr'>inquam,</span> <span class='ocrx_word' id='word_1_13' title='bbox 1080 490 1186 631; x_wconf 54' lang='lat' dir='ltr'>‹lgm-</span> 
     </span>
     <span class='ocr_line' id='line_1_3' title="bbox 229 626 1183 708; baseline -0.001 -15"><span class='ocrx_word' id='word_1_14' title='bbox 229 632 275 693; x_wconf 92' lang='lat' dir='ltr'>diu</span> <span class='ocrx_word' id='word_1_15' title='bbox 298 632 333 692; x_wconf 90' lang='lat' dir='ltr'>in</span> <span class='ocrx_word' id='word_1_16' title='bbox 357 628 512 690; x_wconf 90' lang='lat' dir='ltr'>hominum</span> <span class='ocrx_word' id='word_1_17' title='bbox 533 626 717 708; x_wconf 86' lang='lat' dir='ltr'>ignoratione</span> <span class='ocrx_word' id='word_1_18' title='bbox 744 626 887 701; x_wconf 79' lang='lat' dir='ltr'>latuere,</span> <span class='ocrx_word' id='word_1_19' title='bbox 914 627 1051 688; x_wconf 85' lang='lat' dir='ltr'>utnulla</span> <span class='ocrx_word' id='word_1_20' title='bbox 1080 631 1111 690; x_wconf 92' lang='lat' dir='ltr'>in</span> <span class='ocrx_word' id='word_1_21' title='bbox 1140 648 1183 692; x_wconf 90' lang='lat' dir='ltr'>te·</span> 
     </span>
    </p>
   </div>
   <div class='ocr_carea' id='block_1_2' title="bbox 169 704 1186 1031">
    <p class='ocr_par' dir='ltr' id='par_1_2' title="bbox 169 704 1186 1031">
     <span class='ocr_line' id='line_1_4' title="bbox 169 704 1183 789; baseline 0.001 -17"><span class='ocrx_word' id='word_1_22' title='bbox 169 739 171 753; x_wconf 84' lang='lat'>·</span> <span class='ocrx_word' id='word_1_23' title='bbox 229 710 319 772; x_wconf 79' lang='lat' dir='ltr'>nebris</span> <span class='ocrx_word' id='word_1_24' title='bbox 342 709 481 779; x_wconf 81' lang='lat' dir='ltr'>jacuere3</span> <span class='ocrx_word' id='word_1_25' title='bbox 511 722 544 768; x_wconf 92' lang='lat' dir='ltr'>ut</span> <span class='ocrx_word' id='word_1_26' title='bbox 568 726 637 767; x_wconf 89' lang='lat' dir='ltr'>vero</span> <span class='ocrx_word' id='word_1_27' title='bbox 659 704 690 764; x_wconf 92' lang='lat' dir='ltr'>in</span> <span class='ocrx_word' id='word_1_28' title='bbox 710 704 805 765; x_wconf 88' lang='lat' dir='ltr'>lucem</span> <span class='ocrx_word' id='word_1_29' title='bbox 826 704 917 780; x_wconf 89' lang='lat' dir='ltr'>hanc,</span> <span class='ocrx_word' id='word_1_30' title='bbox 938 722 1026 789; x_wconf 86' lang='lat' dir='ltr'>atque</span> <span class='ocrx_word' id='word_1_31' title='bbox 1045 707 1078 770; x_wconf 92' lang='lat' dir='ltr'>in</span> <span class='ocrx_word' id='word_1_32' title='bbox 1098 712 1183 773; x_wconf 87' lang='lat' dir='ltr'>usum</span> 
     </span>
     <span class='ocr_line' id='line_1_5' title="bbox 174 784 1186 864; baseline 0.001 -11"><span class='ocrx_word' id='word_1_33' title='bbox 174 831 176 836; x_wconf 93' lang='lat'>-</span> <span class='ocrx_word' id='word_1_34' title='bbox 231 790 389 854; x_wconf 86' lang='lat' dir='ltr'>humanum</span> <span class='ocrx_word' id='word_1_35' title='bbox 409 784 634 848; x_wconf 75' lang='lat' dir='ltr'>dosiiffimorum</span> <span class='ocrx_word' id='word_1_36' title='bbox 658 784 811 845; x_wconf 90' lang='lat' dir='ltr'>hominum</span> <span class='ocrx_word' id='word_1_37' title='bbox 832 784 930 846; x_wconf 82' lang='lat' dir='ltr'>studiis</span> <span class='ocrx_word' id='word_1_38' title='bbox 951 807 1071 864; x_wconf 89' lang='lat' dir='ltr'>venere,</span> <span class='ocrx_word' id='word_1_39' title='bbox 1093 790 1137 853; x_wconf 80' lang='lat' dir='ltr'>ita</span> <span class='ocrx_word' id='word_1_40' title='bbox 1152 811 1186 853; x_wconf 90' lang='lat' dir='ltr'>u·</span> 
     </span>
     <span class='ocr_line' id='line_1_6' title="bbox 175 862 1183 945; baseline 0.003 -15"><span class='ocrx_word' id='word_1_41' title='bbox 175 915 177 920; x_wconf 80' lang='lat'><em>-</em></span> <span class='ocrx_word' id='word_1_42' title='bbox 231 889 265 930; x_wconf 90' lang='lat' dir='ltr'>no</span> <span class='ocrx_word' id='word_1_43' title='bbox 283 868 422 930; x_wconf 91' lang='lat' dir='ltr'>omnium</span> <span class='ocrx_word' id='word_1_44' title='bbox 443 865 584 928; x_wconf 89' lang='lat' dir='ltr'>Gentium</span> <span class='ocrx_word' id='word_1_45' title='bbox 605 862 741 925; x_wconf 86' lang='lat' dir='ltr'>consensu</span> <span class='ocrx_word' id='word_1_46' title='bbox 764 865 795 925; x_wconf 93' lang='lat' dir='ltr'>in</span> <span class='ocrx_word' id='word_1_47' title='bbox 817 864 936 926; x_wconf 88' lang='lat' dir='ltr'>Coelum</span> <span class='ocrx_word' id='word_1_48' title='bbox 959 866 1129 945; x_wconf 83' lang='lat' dir='ltr'>tolluntur,</span> <span class='ocrx_word' id='word_1_49' title='bbox 1148 885 1183 932; x_wconf 92' lang='lat' dir='ltr'>ut</span> 
     </span>
     <span class='ocr_line' id='line_1_7' title="bbox 170 942 1183 1031; baseline 0.001 -21"><span class='ocrx_word' id='word_1_50' title='bbox 170 953 180 964; x_wconf 77' lang='grc'>’“</span> <span class='ocrx_word' id='word_1_51' title='bbox 232 968 289 1010; x_wconf 82' lang='lat' dir='ltr'>tum</span> <span class='ocrx_word' id='word_1_52' title='bbox 310 947 491 1028; x_wconf 80' lang='lat' dir='ltr'>antiquitate</span> <span class='ocrx_word' id='word_1_53' title='bbox 511 962 644 1015; x_wconf 81' lang='lat' dir='ltr'>certare,</span> <span class='ocrx_word' id='word_1_54' title='bbox 671 942 723 1003; x_wconf 90' lang='lat' dir='ltr'>nisi</span> <span class='ocrx_word' id='word_1_55' title='bbox 744 963 809 1005; x_wconf 88' lang='lat' dir='ltr'>eam</span> <span class='ocrx_word' id='word_1_56' title='bbox 829 947 918 1006; x_wconf 89' lang='lat' dir='ltr'>etiam</span> <span class='ocrx_word' id='word_1_57' title='bbox 947 944 1076 1027; x_wconf 87' lang='lat' dir='ltr'>superare</span> <span class='ocrx_word' id='word_1_58' title='bbox 1104 948 1183 1031; x_wconf 78' lang='lat' dir='ltr'>posse</span> 
     </span>
    </p>
   </div>
   <div class='ocr_carea' id='block_1_3' title="bbox 177 1022 1186 1264">
    <p class='ocr_par' dir='ltr' id='par_1_3' title="bbox 177 1022 1186 1264">
     <span class='ocr_line' id='line_1_8' title="bbox 177 1022 1183 1112; baseline 0.001 -22"><span class='ocrx_word' id='word_1_59' title='bbox 177 1055 180 1090; x_wconf 91' lang='grc'>;</span> <span class='ocrx_word' id='word_1_60' title='bbox 232 1028 403 1089; x_wconf 77' lang='lat' dir='ltr'>rideantur.</span> <span class='ocrx_word' id='word_1_61' title='bbox 433 1027 542 1086; x_wconf 89' lang='lat' dir='ltr'>Arcum</span> <span class='ocrx_word' id='word_1_62' title='bbox 561 1023 694 1112; x_wconf 32' lang='lat' dir='ltr'>vetustas·</span> <span class='ocrx_word' id='word_1_63' title='bbox 708 1022 744 1085; x_wconf 90' lang='lat' dir='ltr'>ad</span> <span class='ocrx_word' id='word_1_64' title='bbox 764 1023 927 1105; x_wconf 84' lang='lat' dir='ltr'>longiorem</span> <span class='ocrx_word' id='word_1_65' title='bbox 948 1070 958 1100; x_wconf 88' lang='lat'>,</span> <span class='ocrx_word' id='word_1_66' title='bbox 987 1043 1075 1110; x_wconf 90' lang='lat' dir='ltr'>atque</span> <span class='ocrx_word' id='word_1_67' title='bbox 1095 1029 1183 1091; x_wconf 81' lang='lat' dir='ltr'>uehe-</span> 
     </span>
     <span class='ocr_line' id='line_1_9' title="bbox 177 1104 1184 1190; baseline -0.002 -18"><span class='ocrx_word' id='word_1_68' title='bbox 177 1109 182 1172; x_wconf 79' lang='grc' dir='ltr'><strong>ἓ</strong></span> <span class='ocrx_word' id='word_1_69' title='bbox 234 1107 400 1169; x_wconf 74' lang='lat' dir='ltr'>mentionem</span> <span class='ocrx_word' id='word_1_70' title='bbox 414 1104 512 1166; x_wconf 68' lang='lat' dir='ltr'>isium</span> <span class='ocrx_word' id='word_1_71' title='bbox 532 1104 726 1184; x_wconf 81' lang='lat' dir='ltr'>excogitant:</span> <span class='ocrx_word' id='word_1_72' title='bbox 747 1105 918 1167; x_wconf 87' lang='lat' dir='ltr'>recentiores</span> <span class='ocrx_word' id='word_1_73' title='bbox 928 1104 956 1166; x_wconf 92' lang='lat' dir='ltr'>id</span> <span class='ocrx_word' id='word_1_74' title='bbox 979 1109 1120 1169; x_wconf 87' lang='lat' dir='ltr'>tormenti</span> <span class='ocrx_word' id='word_1_75' title='bbox 1132 1130 1184 1190; x_wconf 82' lang='lat' dir='ltr'>ge·</span> 
     </span>
     <span class='ocr_line' id='line_1_10' title="bbox 177 1182 1186 1264; baseline 0.004 -18"><span class='ocrx_word' id='word_1_76' title='bbox 177 1245 179 1252; x_wconf 87' lang='grc'>,</span> <span class='ocrx_word' id='word_1_77' title='bbox 234 1205 304 1263; x_wconf 82' lang='lat' dir='ltr'>rius,</span> <span class='ocrx_word' id='word_1_78' title='bbox 348 1183 408 1247; x_wconf 91' lang='lat' dir='ltr'>uod</span> <span class='ocrx_word' id='word_1_79' title='bbox 432 1182 577 1261; x_wconf 76' lang='lat' dir='ltr'>balefimm</span> <span class='ocrx_word' id='word_1_80' title='bbox 597 1183 689 1264; x_wconf 87' lang='lat' dir='ltr'>vulgo</span> <span class='ocrx_word' id='word_1_81' title='bbox 709 1182 882 1263; x_wconf 86' lang='lat' dir='ltr'>appellant,</span> <span class='ocrx_word' id='word_1_82' title='bbox 904 1184 940 1246; x_wconf 85' lang='lat' dir='ltr'>ad</span> <span class='ocrx_word' id='word_1_83' title='bbox 956 1204 1023 1248; x_wconf 86' lang='lat' dir='ltr'>eum</span> <span class='ocrx_word' id='word_1_84' title='bbox 1046 1187 1186 1258; x_wconf 84' lang='lat' dir='ltr'>adjunxe-</span> 
     </span>
    </p>
   </div>
   <div class='ocr_carea' id='block_1_4' title="bbox 178 1383 186 1552">
    <p class='ocr_par' dir='ltr' id='par_1_4' title="bbox 178 1383 186 1552">
     <span class='ocr_line' id='line_1_11' title="bbox 178 1383 186 1552; baseline 0 -18"><span class='ocrx_word' id='word_1_85' title='bbox 178 1383 186 1552; x_wconf 75' lang='lat' dir='ltr'>i</span> 
     </span>
    </p>
   </div>
   <div class='ocr_carea' id='block_1_5' title="bbox 180 1557 187 1634">
    <p class='ocr_par' dir='ltr' id='par_1_5' title="bbox 180 1557 187 1634">
     <span class='ocr_line' id='line_1_12' title="bbox 180 1557 187 1634; baseline 0 0"><span class='ocrx_word' id='word_1_86' title='bbox 180 1557 187 1634; x_wconf 73' lang='lat' dir='ltr'>i</span> 
     </span>
    </p>
   </div>
   <div class='ocr_carea' id='block_1_6' title="bbox 233 1259 1186 1739">
    <p class='ocr_par' dir='ltr' id='par_1_6' title="bbox 233 1259 1186 1739">
     <span class='ocr_line' id='line_1_13' title="bbox 234 1259 1185 1330; baseline 0.004 -4"><span class='ocrx_word' id='word_1_87' title='bbox 234 1284 272 1326; x_wconf 84' lang='lat' dir='ltr'>re:</span> <span class='ocrx_word' id='word_1_88' title='bbox 290 1285 330 1328; x_wconf 92' lang='lat' dir='ltr'>no</span> <span class='ocrx_word' id='word_1_89' title='bbox 407 1279 506 1325; x_wconf 85' lang='lat' dir='ltr'>autem</span> <span class='ocrx_word' id='word_1_90' title='bbox 527 1259 585 1324; x_wconf 86' lang='lat' dir='ltr'>sere</span> <span class='ocrx_word' id='word_1_91' title='bbox 604 1279 689 1324; x_wconf 84' lang='lat' dir='ltr'>aerate</span> <span class='ocrx_word' id='word_1_92' title='bbox 708 1262 817 1324; x_wconf 85' lang='lat' dir='ltr'>horum</span> <span class='ocrx_word' id='word_1_93' title='bbox 837 1265 970 1326; x_wconf 90' lang='lat' dir='ltr'>omnium</span> <span class='ocrx_word' id='word_1_94' title='bbox 993 1266 1185 1330; x_wconf 86' lang='lat' dir='ltr'>vehementis·</span> 
     </span>
     <span class='ocr_line' id='line_1_14' title="bbox 236 1341 1182 1422; baseline 0.001 -16"><span class='ocrx_word' id='word_1_95' title='bbox 236 1344 334 1421; x_wconf 77' lang='lat' dir='ltr'>fina‚·</span> <span class='ocrx_word' id='word_1_96' title='bbox 358 1343 402 1405; x_wconf 84' lang='lat' dir='ltr'>dae</span> <span class='ocrx_word' id='word_1_97' title='bbox 424 1342 474 1404; x_wconf 86' lang='lat' dir='ltr'>sua</span> <span class='ocrx_word' id='word_1_98' title='bbox 495 1344 568 1406; x_wconf 90' lang='lat' dir='ltr'>item</span> <span class='ocrx_word' id='word_1_99' title='bbox 588 1341 690 1422; x_wconf 86' lang='lat' dir='ltr'>lingua</span> <span class='ocrx_word' id='word_1_100' title='bbox 709 1343 817 1422; x_wconf 84' lang='lat' dir='ltr'>vulgus</span> <span class='ocrx_word' id='word_1_101' title='bbox 838 1344 918 1403; x_wconf 85' lang='lat' dir='ltr'>varie</span> <span class='ocrx_word' id='word_1_102' title='bbox 941 1344 1108 1422; x_wconf 85' lang='lat' dir='ltr'>scopetum,</span> <span class='ocrx_word' id='word_1_103' title='bbox 1131 1363 1182 1410; x_wconf 90' lang='lat' dir='ltr'>aut</span> 
     </span>
     <span class='ocr_line' id='line_1_15' title="bbox 233 1364 1183 1563; baseline 0.001 -77"><span class='ocrx_word' id='word_1_104' title='bbox 233 1364 396 1502; x_wconf 60' lang='lat' dir='ltr'>achibasim</span> <span class='ocrx_word' id='word_1_105' title='bbox 415 1423 568 1503; x_wconf 84' lang='lat' dir='ltr'>appellat,</span> <span class='ocrx_word' id='word_1_106' title='bbox 605 1442 657 1483; x_wconf 90' lang='lat' dir='ltr'>nec</span> <span class='ocrx_word' id='word_1_107' title='bbox 678 1442 738 1483; x_wconf 91' lang='lat' dir='ltr'>non</span> <span class='ocrx_word' id='word_1_108' title='bbox 758 1421 870 1503; x_wconf 83' lang='lat' dir='ltr'>reliqua</span> <span class='ocrx_word' id='word_1_109' title='bbox 891 1421 953 1492; x_wconf 81' lang='lat' dir='ltr'>ejus</span> <span class='ocrx_word' id='word_1_110' title='bbox 962 1426 1082 1563; x_wconf 51' lang='lat' dir='ltr'>pencris</span> <span class='ocrx_word' id='word_1_111' title='bbox 1098 1445 1183 1505; x_wconf 89' lang='lat' dir='ltr'>gran·</span> 
     </span>
     <span class='ocr_line' id='line_1_16' title="bbox 234 1500 1184 1584; baseline 0 -18"><span class='ocrx_word' id='word_1_112' title='bbox 234 1503 305 1566; x_wconf 88' lang='lat' dir='ltr'>diora</span> <span class='ocrx_word' id='word_1_113' title='bbox 326 1518 499 1577; x_wconf 85' lang='lat' dir='ltr'>tormenta,</span> <span class='ocrx_word' id='word_1_114' title='bbox 526 1500 649 1564; x_wconf 87' lang='lat' dir='ltr'>eumad</span> <span class='ocrx_word' id='word_1_115' title='bbox 671 1500 832 1562; x_wconf 82' lang='lat' dir='ltr'>maximam</span> <span class='ocrx_word' id='word_1_116' title='bbox 853 1502 884 1562; x_wconf 90' lang='lat' dir='ltr'>in</span> <span class='ocrx_word' id='word_1_117' title='bbox 905 1521 959 1563; x_wconf 87' lang='lat' dir='ltr'>con</span> <span class='ocrx_word' id='word_1_118' title='bbox 984 1502 1043 1564; x_wconf 76' lang='lat' dir='ltr'>isin</span> <span class='ocrx_word' id='word_1_119' title='bbox 1060 1503 1184 1584; x_wconf 85' lang='lat' dir='ltr'>stragem</span> 
     </span>
     <span class='ocr_line' id='line_1_17' title="bbox 236 1580 1185 1663; baseline 0.001 -18"><span class='ocrx_word' id='word_1_120' title='bbox 236 1582 394 1657; x_wconf 80' lang='lat' dir='ltr'>edendam,</span> <span class='ocrx_word' id='word_1_121' title='bbox 424 1598 488 1643; x_wconf 87' lang='lat' dir='ltr'>turn</span> <span class='ocrx_word' id='word_1_122' title='bbox 510 1582 547 1643; x_wconf 89' lang='lat' dir='ltr'>ad</span> <span class='ocrx_word' id='word_1_123' title='bbox 570 1580 694 1643; x_wconf 88' lang='lat' dir='ltr'>Urbium</span> <span class='ocrx_word' id='word_1_124' title='bbox 715 1581 841 1661; x_wconf 91' lang='lat' dir='ltr'>ipsarum</span> <span class='ocrx_word' id='word_1_125' title='bbox 862 1582 972 1643; x_wconf 81' lang='lat' dir='ltr'>moenia</span> <span class='ocrx_word' id='word_1_126' title='bbox 992 1583 1185 1663; x_wconf 78' lang='lat' dir='ltr'>impotentius</span> 
     </span>
     <span class='ocr_line' id='line_1_18' title="bbox 236 1660 1186 1739; baseline 0.002 -15"><span class='ocrx_word' id='word_1_127' title='bbox 236 1661 430 1737; x_wconf 74' lang='lat' dir='ltr'>verberando,</span> <span class='ocrx_word' id='word_1_128' title='bbox 451 1682 484 1723; x_wconf 89' lang='lat' dir='ltr'>ac</span> <span class='ocrx_word' id='word_1_129' title='bbox 504 1662 687 1722; x_wconf 79' lang='lat' dir='ltr'>demolienda</span> <span class='ocrx_word' id='word_1_130' title='bbox 708 1660 775 1723; x_wconf 92' lang='lat' dir='ltr'>sunt</span> <span class='ocrx_word' id='word_1_131' title='bbox 795 1661 976 1724; x_wconf 87' lang='lat' dir='ltr'>adinventa.</span> <span class='ocrx_word' id='word_1_132' title='bbox 1005 1667 1140 1739; x_wconf 91' lang='lat' dir='ltr'>Quorum</span> <span class='ocrx_word' id='word_1_133' title='bbox 1160 1664 1186 1725; x_wconf 87' lang='lat' dir='ltr'>i·</span> 
     </span>
    </p>
   </div>
   <div class='ocr_carea' id='block_1_7' title="bbox 183 1740 1187 1985">
    <p class='ocr_par' dir='ltr' id='par_1_7' title="bbox 183 1740 1187 1990">
     <span class='ocr_line' id='line_1_19' title="bbox 183 1740 1187 1881; baseline 0.006 -79"><span class='ocrx_word' id='word_1_134' title='bbox 183 1755 189 1818; x_wconf 62' lang='grc' dir='ltr'>ζ</span> <span class='ocrx_word' id='word_1_135' title='bbox 237 1757 285 1804; x_wconf 90' lang='lat' dir='ltr'>rem</span> <span class='ocrx_word' id='word_1_136' title='bbox 304 1741 445 1805; x_wconf 89' lang='lat' dir='ltr'>omnium</span> <span class='ocrx_word' id='word_1_137' title='bbox 473 1742 570 1881; x_wconf 77' lang='lat' dir='ltr'>primo</span> <span class='ocrx_word' id='word_1_138' title='bbox 590 1742 635 1804; x_wconf 89' lang='lat' dir='ltr'>vis</span> <span class='ocrx_word' id='word_1_139' title='bbox 656 1742 743 1830; x_wconf 83' lang='lat' dir='ltr'>ignea</span> <span class='ocrx_word' id='word_1_140' title='bbox 773 1740 879 1804; x_wconf 89' lang='lat' dir='ltr'>lentius</span> <span class='ocrx_word' id='word_1_141' title='bbox 900 1740 971 1803; x_wconf 91' lang='lat' dir='ltr'>sese</span> <span class='ocrx_word' id='word_1_142' title='bbox 993 1743 1122 1823; x_wconf 84' lang='lat' dir='ltr'>agebat,</span> <span class='ocrx_word' id='word_1_143' title='bbox 1151 1763 1187 1808; x_wconf 81' lang='lat' dir='ltr'>ac</span> 
     </span>
     <span class='ocr_line' id='line_1_20' title="bbox 185 1819 1184 1906; baseline 0.002 -22"><span class='ocrx_word' id='word_1_144' title='bbox 185 1825 190 1898; x_wconf 70' lang='grc' dir='ltr'><em>ἷ</em></span> <span class='ocrx_word' id='word_1_145' title='bbox 235 1840 310 1899; x_wconf 86' lang='lat' dir='ltr'>anre,</span> <span class='ocrx_word' id='word_1_146' title='bbox 332 1842 426 1905; x_wconf 88' lang='lat' dir='ltr'>quam</span> <span class='ocrx_word' id='word_1_147' title='bbox 447 1822 477 1903; x_wconf 91' lang='lat' dir='ltr'>pi</span> <span class='ocrx_word' id='word_1_148' title='bbox 492 1822 571 1884; x_wconf 87' lang='lat' dir='ltr'>ulam</span> <span class='ocrx_word' id='word_1_149' title='bbox 591 1819 642 1882; x_wconf 94' lang='lat' dir='ltr'>suo</span> <span class='ocrx_word' id='word_1_150' title='bbox 676 1821 729 1881; x_wconf 84' lang='lat' dir='ltr'>illo</span> <span class='ocrx_word' id='word_1_151' title='bbox 752 1821 878 1904; x_wconf 89' lang='lat' dir='ltr'>impulsu</span> <span class='ocrx_word' id='word_1_152' title='bbox 899 1823 1076 1899; x_wconf 85' lang='lat' dir='ltr'>emitteret,</span> <span class='ocrx_word' id='word_1_153' title='bbox 1105 1824 1184 1906; x_wconf 84' lang='lat' dir='ltr'>quasi</span> 
     </span>
     <span class='ocr_line' id='line_1_21' title="bbox 235 1900 1187 1985; baseline 0.004 -22.804"><span class='ocrx_word' id='word_1_154' title='bbox 235 1902 277 1965; x_wconf 87' lang='lat' dir='ltr'>suo</span> <span class='ocrx_word' id='word_1_155' title='bbox 294 1902 436 1976; x_wconf 85' lang='lat' dir='ltr'>lumine,</span> <span class='ocrx_word' id='word_1_156' title='bbox 457 1917 490 1963; x_wconf 90' lang='lat' dir='ltr'>ut</span> <span class='ocrx_word' id='word_1_157' title='bbox 507 1921 571 1961; x_wconf 87' lang='lat' dir='ltr'>eam</span> <span class='ocrx_word' id='word_1_158' title='bbox 594 1900 763 1976; x_wconf 84' lang='lat' dir='ltr'>devitaret,</span> <span class='ocrx_word' id='word_1_159' title='bbox 784 1901 857 1963; x_wconf 81' lang='lat' dir='ltr'>hosti</span> <span class='ocrx_word' id='word_1_160' title='bbox 879 1902 1059 1965; x_wconf 87' lang='lat' dir='ltr'>commodius</span> <span class='ocrx_word' id='word_1_161' title='bbox 1081 1903 1187 1985; x_wconf 85' lang='lat' dir='ltr'>signifi·</span> 
     </span>
    </p>
   </div>
   <div class='ocr_carea' id='block_1_8' title="bbox 228 1980 1192 3964">
    <p class='ocr_par' dir='ltr' id='par_1_8' title="bbox 228 1980 1192 3964">
     <span class='ocr_line' id='line_1_22' title="bbox 234 1980 1187 2063; baseline 0.001 -19"><span class='ocrx_word' id='word_1_162' title='bbox 234 1982 325 2045; x_wconf 82' lang='lat' dir='ltr'>tabat:</span> <span class='ocrx_word' id='word_1_163' title='bbox 347 2001 427 2043; x_wconf 89' lang='lat' dir='ltr'>nunc</span> <span class='ocrx_word' id='word_1_164' title='bbox 447 1997 545 2043; x_wconf 86' lang='lat' dir='ltr'>autem</span> <span class='ocrx_word' id='word_1_165' title='bbox 567 2000 601 2042; x_wconf 92' lang='lat' dir='ltr'>eo</span> <span class='ocrx_word' id='word_1_166' title='bbox 622 1980 753 2061; x_wconf 85' lang='lat' dir='ltr'>processit</span> <span class='ocrx_word' id='word_1_167' title='bbox 762 1980 792 2041; x_wconf 93' lang='lat' dir='ltr'>id</span> <span class='ocrx_word' id='word_1_168' title='bbox 812 1980 946 2056; x_wconf 85' lang='lat' dir='ltr'>artificii,</span> <span class='ocrx_word' id='word_1_169' title='bbox 966 1998 999 2043; x_wconf 92' lang='lat' dir='ltr'>ut</span> <span class='ocrx_word' id='word_1_170' title='bbox 1019 1984 1099 2063; x_wconf 86' lang='lat' dir='ltr'>prius</span> <span class='ocrx_word' id='word_1_171' title='bbox 1110 2003 1187 2045; x_wconf 89' lang='lat' dir='ltr'>mor·</span> 
     </span>
     <span class='ocr_line' id='line_1_23' title="bbox 235 2060 1188 2141; baseline 0.002 -18"><span class='ocrx_word' id='word_1_172' title='bbox 235 2076 286 2123; x_wconf 88' lang='lat' dir='ltr'>tern</span> <span class='ocrx_word' id='word_1_173' title='bbox 306 2061 417 2123; x_wconf 84' lang='lat' dir='ltr'>sentias</span> <span class='ocrx_word' id='word_1_174' title='bbox 438 2060 469 2121; x_wconf 91' lang='lat' dir='ltr'>in</span> <span class='ocrx_word' id='word_1_175' title='bbox 492 2060 587 2133; x_wconf 85' lang='lat' dir='ltr'>latus,</span> <span class='ocrx_word' id='word_1_176' title='bbox 608 2080 697 2141; x_wconf 91' lang='lat' dir='ltr'>quam</span> <span class='ocrx_word' id='word_1_177' title='bbox 718 2060 795 2141; x_wconf 87' lang='lat' dir='ltr'>ignis</span> <span class='ocrx_word' id='word_1_178' title='bbox 819 2061 919 2122; x_wconf 89' lang='lat' dir='ltr'>lumen</span> <span class='ocrx_word' id='word_1_179' title='bbox 938 2062 1030 2123; x_wconf 85' lang='lat' dir='ltr'>nilum</span> <span class='ocrx_word' id='word_1_180' title='bbox 1057 2063 1154 2125; x_wconf 77' lang='lat' dir='ltr'>videas</span> <span class='ocrx_word' id='word_1_181' title='bbox 1177 2085 1188 2136; x_wconf 86' lang='lat'>;</span> 
     </span>
     <span class='ocr_line' id='line_1_24' title="bbox 234 2138 1185 2221; baseline 0 -20"><span class='ocrx_word' id='word_1_182' title='bbox 234 2158 261 2203; x_wconf 88' lang='lat' dir='ltr'>ut</span> <span class='ocrx_word' id='word_1_183' title='bbox 277 2162 376 2204; x_wconf 88' lang='lat' dir='ltr'>rerum</span> <span class='ocrx_word' id='word_1_184' title='bbox 407 2139 542 2201; x_wconf 92' lang='lat' dir='ltr'>omnium</span> <span class='ocrx_word' id='word_1_185' title='bbox 563 2138 619 2200; x_wconf 87' lang='lat' dir='ltr'>sere</span> <span class='ocrx_word' id='word_1_186' title='bbox 642 2138 751 2220; x_wconf 88' lang='lat' dir='ltr'>semper</span> <span class='ocrx_word' id='word_1_187' title='bbox 771 2139 882 2221; x_wconf 89' lang='lat' dir='ltr'>aliquid</span> <span class='ocrx_word' id='word_1_188' title='bbox 912 2140 1047 2220; x_wconf 82' lang='lat' dir='ltr'>superesse</span> <span class='ocrx_word' id='word_1_189' title='bbox 1067 2142 1152 2221; x_wconf 82' lang='lat' dir='ltr'>possit</span> <span class='ocrx_word' id='word_1_190' title='bbox 1174 2185 1185 2215; x_wconf 90' lang='lat'>‚</span> 
     </span>
     <span class='ocr_line' id='line_1_25' title="bbox 233 2217 1186 2302; baseline -0.003 -18"><span class='ocrx_word' id='word_1_191' title='bbox 233 2222 301 2301; x_wconf 88' lang='lat' dir='ltr'>quod</span> <span class='ocrx_word' id='word_1_192' title='bbox 322 2219 450 2302; x_wconf 89' lang='lat' dir='ltr'>pmdens</span> <span class='ocrx_word' id='word_1_193' title='bbox 472 2218 559 2280; x_wconf 87' lang='lat' dir='ltr'>addat</span> <span class='ocrx_word' id='word_1_194' title='bbox 580 2218 616 2280; x_wconf 89' lang='lat' dir='ltr'>ad</span> <span class='ocrx_word' id='word_1_195' title='bbox 637 2217 781 2280; x_wconf 88' lang='lat' dir='ltr'>inventa.</span> <span class='ocrx_word' id='word_1_196' title='bbox 802 2220 849 2280; x_wconf 91' lang='lat' dir='ltr'>Ad</span> <span class='ocrx_word' id='word_1_197' title='bbox 872 2220 930 2280; x_wconf 84' lang='lat' dir='ltr'>haec</span> <span class='ocrx_word' id='word_1_198' title='bbox 951 2220 1085 2294; x_wconf 85' lang='lat' dir='ltr'>accedit,</span> <span class='ocrx_word' id='word_1_199' title='bbox 1106 2219 1186 2301; x_wconf 91' lang='lat' dir='ltr'>quod</span> 
     </span>
     <span class='ocr_line' id='line_1_26' title="bbox 232 2298 1186 2380; baseline 0 -20"><span class='ocrx_word' id='word_1_200' title='bbox 232 2320 285 2362; x_wconf 91' lang='lat' dir='ltr'>non</span> <span class='ocrx_word' id='word_1_201' title='bbox 304 2320 392 2375; x_wconf 82' lang='lat' dir='ltr'>una,</span> <span class='ocrx_word' id='word_1_202' title='bbox 421 2315 509 2380; x_wconf 87' lang='lat' dir='ltr'>atque</span> <span class='ocrx_word' id='word_1_203' title='bbox 530 2298 630 2358; x_wconf 89' lang='lat' dir='ltr'>eadem</span> <span class='ocrx_word' id='word_1_204' title='bbox 651 2300 690 2360; x_wconf 87' lang='lat' dir='ltr'>est</span> <span class='ocrx_word' id='word_1_205' title='bbox 711 2298 846 2359; x_wconf 90' lang='lat' dir='ltr'>omnium</span> <span class='ocrx_word' id='word_1_206' title='bbox 874 2317 967 2358; x_wconf 90' lang='lat' dir='ltr'>rerum</span> <span class='ocrx_word' id='word_1_207' title='bbox 998 2298 1186 2360; x_wconf 88' lang='lat' dir='ltr'>invenienda·</span> 
     </span>
     <span class='ocr_line' id='line_1_27' title="bbox 233 2374 1187 2454; baseline -0.004 -12"><span class='ocrx_word' id='word_1_208' title='bbox 233 2401 291 2442; x_wconf 83' lang='lat' dir='ltr'>nim</span> <span class='ocrx_word' id='word_1_209' title='bbox 311 2380 390 2441; x_wconf 84' lang='lat' dir='ltr'>ratio</span> <span class='ocrx_word' id='word_1_210' title='bbox 407 2422 416 2454; x_wconf 88' lang='lat'>‚</span> <span class='ocrx_word' id='word_1_211' title='bbox 439 2378 470 2437; x_wconf 80' lang='grc' dir='ltr'>δι</span> <span class='ocrx_word' id='word_1_212' title='bbox 486 2377 613 2439; x_wconf 85' lang='lat' dir='ltr'>modus.</span> <span class='ocrx_word' id='word_1_213' title='bbox 634 2376 737 2437; x_wconf 87' lang='lat' dir='ltr'>Cicero</span> <span class='ocrx_word' id='word_1_214' title='bbox 757 2375 902 2437; x_wconf 87' lang='lat' dir='ltr'>Milonem</span> <span class='ocrx_word' id='word_1_215' title='bbox 923 2374 1007 2436; x_wconf 81' lang='lat' dir='ltr'>cadis</span> <span class='ocrx_word' id='word_1_216' title='bbox 1028 2397 1110 2438; x_wconf 90' lang='lat' dir='ltr'>reum</span> <span class='ocrx_word' id='word_1_217' title='bbox 1132 2376 1187 2438; x_wconf 89' lang='lat' dir='ltr'>sor-</span> 
     </span>
     <span class='ocr_line' id='line_1_28' title="bbox 232 2455 1188 2596; baseline -0.002 -77"><span class='ocrx_word' id='word_1_218' title='bbox 232 2459 332 2521; x_wconf 85' lang='lat' dir='ltr'>tiffima</span> <span class='ocrx_word' id='word_1_219' title='bbox 353 2456 559 2596; x_wconf 48' lang='lat' dir='ltr'>Orationepfi</span> <span class='ocrx_word' id='word_1_220' title='bbox 580 2476 645 2517; x_wconf 88' lang='lat' dir='ltr'>eam</span> <span class='ocrx_word' id='word_1_221' title='bbox 665 2455 768 2517; x_wconf 89' lang='lat' dir='ltr'>habuit</span> <span class='ocrx_word' id='word_1_222' title='bbox 790 2456 951 2535; x_wconf 83' lang='lat' dir='ltr'>integram,</span> <span class='ocrx_word' id='word_1_223' title='bbox 973 2476 1036 2537; x_wconf 84' lang='lat' dir='ltr'>quae</span> <span class='ocrx_word' id='word_1_224' title='bbox 1053 2477 1106 2538; x_wconf 90' lang='lat' dir='ltr'>pro</span> <span class='ocrx_word' id='word_1_225' title='bbox 1126 2457 1188 2517; x_wconf 88' lang='lat' dir='ltr'>Mi-</span> 
     </span>
     <span class='ocr_line' id='line_1_29' title="bbox 232 2534 1188 2620; baseline -0.003 -19"><span class='ocrx_word' id='word_1_226' title='bbox 232 2538 293 2601; x_wconf 82' lang='lat' dir='ltr'>ione</span> <span class='ocrx_word' id='word_1_227' title='bbox 312 2536 451 2620; x_wconf 83' lang='lat' dir='ltr'>legitur]</span> <span class='ocrx_word' id='word_1_228' title='bbox 471 2536 505 2598; x_wconf 88' lang='lat' dir='ltr'>de</span> <span class='ocrx_word' id='word_1_229' title='bbox 517 2535 596 2598; x_wconf 88' lang='lat' dir='ltr'>endit</span> <span class='ocrx_word' id='word_1_230' title='bbox 612 2556 622 2607; x_wconf 85' lang='lat'>3</span> <span class='ocrx_word' id='word_1_231' title='bbox 651 2551 681 2597; x_wconf 85' lang='lat' dir='ltr'>at</span> <span class='ocrx_word' id='word_1_232' title='bbox 699 2536 803 2597; x_wconf 84' lang='lat' dir='ltr'>Brutus</span> <span class='ocrx_word' id='word_1_233' title='bbox 826 2535 902 2596; x_wconf 87' lang='lat' dir='ltr'>idern</span> <span class='ocrx_word' id='word_1_234' title='bbox 924 2534 1065 2611; x_wconf 72' lang='lat' dir='ltr'>eii&#39;ecissb,</span> <span class='ocrx_word' id='word_1_235' title='bbox 1089 2536 1135 2598; x_wconf 92' lang='lat' dir='ltr'>sed</span> <span class='ocrx_word' id='word_1_236' title='bbox 1156 2558 1188 2598; x_wconf 87' lang='lat' dir='ltr'>a·</span> 
     </span>
     <span class='ocr_line' id='line_1_30' title="bbox 233 2613 1186 2697; baseline 0.001 -19"><span class='ocrx_word' id='word_1_237' title='bbox 233 2618 269 2680; x_wconf 86' lang='lat' dir='ltr'>lio</span> <span class='ocrx_word' id='word_1_238' title='bbox 286 2618 369 2680; x_wconf 90' lang='lat' dir='ltr'>idem</span> <span class='ocrx_word' id='word_1_239' title='bbox 390 2613 510 2679; x_wconf 84' lang='lat' dir='ltr'>effecisse</span> <span class='ocrx_word' id='word_1_240' title='bbox 518 2615 623 2690; x_wconf 91' lang='lat' dir='ltr'>modo,</span> <span class='ocrx_word' id='word_1_241' title='bbox 642 2615 767 2685; x_wconf 82' lang='lat' dir='ltr'>dicitur3</span> <span class='ocrx_word' id='word_1_242' title='bbox 789 2634 881 2697; x_wconf 86' lang='lat' dir='ltr'>neque</span> <span class='ocrx_word' id='word_1_243' title='bbox 902 2613 1013 2677; x_wconf 86' lang='lat' dir='ltr'>sortasse</span> <span class='ocrx_word' id='word_1_244' title='bbox 1034 2615 1186 2697; x_wconf 89' lang='lat' dir='ltr'>imperite.</span> 
     </span>
     <span class='ocr_line' id='line_1_31' title="bbox 232 2692 1186 2777; baseline 0 -16"><span class='ocrx_word' id='word_1_245' title='bbox 232 2698 305 2774; x_wconf 90' lang='lat' dir='ltr'>Quid</span> <span class='ocrx_word' id='word_1_246' title='bbox 325 2718 400 2761; x_wconf 88' lang='lat' dir='ltr'>vero</span> <span class='ocrx_word' id='word_1_247' title='bbox 421 2695 624 2758; x_wconf 85' lang='lat' dir='ltr'>fiHortensrus</span> <span class='ocrx_word' id='word_1_248' title='bbox 645 2716 709 2757; x_wconf 92' lang='lat' dir='ltr'>eam</span> <span class='ocrx_word' id='word_1_249' title='bbox 731 2715 848 2777; x_wconf 89' lang='lat' dir='ltr'>quoque</span> <span class='ocrx_word' id='word_1_250' title='bbox 870 2696 991 2757; x_wconf 82' lang='lat' dir='ltr'>caussam</span> <span class='ocrx_word' id='word_1_251' title='bbox 1013 2692 1186 2777; x_wconf 83' lang='lat' dir='ltr'>perorasset?</span> 
     </span>
     <span class='ocr_line' id='line_1_32' title="bbox 233 2774 1189 2857; baseline 0.002 -19"><span class='ocrx_word' id='word_1_252' title='bbox 233 2779 310 2840; x_wconf 90' lang='lat' dir='ltr'>Num</span> <span class='ocrx_word' id='word_1_253' title='bbox 333 2778 361 2839; x_wconf 93' lang='lat' dir='ltr'>ei</span> <span class='ocrx_word' id='word_1_254' title='bbox 394 2774 473 2857; x_wconf 84' lang='lat' dir='ltr'>quast</span> <span class='ocrx_word' id='word_1_255' title='bbox 493 2774 530 2837; x_wconf 93' lang='lat' dir='ltr'>ad</span> <span class='ocrx_word' id='word_1_256' title='bbox 552 2776 669 2837; x_wconf 88' lang='lat' dir='ltr'>alterius</span> <span class='ocrx_word' id='word_1_257' title='bbox 690 2795 790 2837; x_wconf 89' lang='lat' dir='ltr'>eorum</span> <span class='ocrx_word' id='word_1_258' title='bbox 812 2774 902 2836; x_wconf 88' lang='lat' dir='ltr'>utrius</span> <span class='ocrx_word' id='word_1_259' title='bbox 932 2776 1083 2857; x_wconf 84' lang='lat' dir='ltr'>ingenium</span> <span class='ocrx_word' id='word_1_260' title='bbox 1105 2778 1189 2840; x_wconf 82' lang='lat' dir='ltr'>inve·</span> 
     </span>
     <span class='ocr_line' id='line_1_33' title="bbox 234 2853 1187 2935; baseline 0 -17"><span class='ocrx_word' id='word_1_261' title='bbox 234 2858 325 2920; x_wconf 88' lang='lat' dir='ltr'>triendi</span> <span class='ocrx_word' id='word_1_262' title='bbox 348 2856 426 2918; x_wconf 87' lang='lat' dir='ltr'>ratio</span> <span class='ocrx_word' id='word_1_263' title='bbox 445 2853 595 2929; x_wconf 84' lang='lat' dir='ltr'>conclusa,</span> <span class='ocrx_word' id='word_1_264' title='bbox 617 2871 647 2917; x_wconf 84' lang='lat' dir='ltr'>at</span> <span class='ocrx_word' id='word_1_265' title='bbox 669 2875 704 2916; x_wconf 88' lang='lat' dir='ltr'>ue</span> <span class='ocrx_word' id='word_1_266' title='bbox 724 2854 940 2935; x_wconf 85' lang='lat' dir='ltr'>circumscripta</span> <span class='ocrx_word' id='word_1_267' title='bbox 959 2856 1009 2917; x_wconf 83' lang='lat' dir='ltr'>esse</span> <span class='ocrx_word' id='word_1_268' title='bbox 1030 2855 1187 2919; x_wconf 84' lang='lat' dir='ltr'>debuisset?</span> 
     </span>
     <span class='ocr_line' id='line_1_34' title="bbox 233 2875 1187 3009; baseline 0 -12"><span class='ocrx_word' id='word_1_269' title='bbox 233 2954 343 3000; x_wconf 90' lang='lat' dir='ltr'>utnon</span> <span class='ocrx_word' id='word_1_270' title='bbox 373 2934 467 2996; x_wconf 88' lang='lat' dir='ltr'>solum</span> <span class='ocrx_word' id='word_1_271' title='bbox 488 2934 582 2997; x_wconf 91' lang='lat' dir='ltr'>multa</span> <span class='ocrx_word' id='word_1_272' title='bbox 610 2875 676 2996; x_wconf 79' lang='lat' dir='ltr'>addi</span> <span class='ocrx_word' id='word_1_273' title='bbox 697 2934 733 2995; x_wconf 88' lang='lat' dir='ltr'>ad</span> <span class='ocrx_word' id='word_1_274' title='bbox 754 2933 879 2995; x_wconf 88' lang='lat' dir='ltr'>aliorum</span> <span class='ocrx_word' id='word_1_275' title='bbox 909 2936 1055 3009; x_wconf 84' lang='lat' dir='ltr'>inventa,</span> <span class='ocrx_word' id='word_1_276' title='bbox 1085 2957 1187 2997; x_wconf 89' lang='lat' dir='ltr'>verum</span> 
     </span>
     <span class='ocr_line' id='line_1_35' title="bbox 233 3008 1187 3095; baseline -0.002 -17"><span class='ocrx_word' id='word_1_277' title='bbox 233 3014 398 3079; x_wconf 79' lang='lat' dir='ltr'>etiamalio</span> <span class='ocrx_word' id='word_1_278' title='bbox 421 3014 473 3076; x_wconf 86' lang='lat' dir='ltr'>illa</span> <span class='ocrx_word' id='word_1_279' title='bbox 495 3012 555 3093; x_wconf 86' lang='lat' dir='ltr'>ipsa</span> <span class='ocrx_word' id='word_1_280' title='bbox 574 3014 664 3076; x_wconf 91' lang='lat' dir='ltr'>modo</span> <span class='ocrx_word' id='word_1_281' title='bbox 684 3008 810 3075; x_wconf 89' lang='lat' dir='ltr'>inveniri</span> <span class='ocrx_word' id='word_1_282' title='bbox 831 3057 840 3087; x_wconf 92' lang='lat'>,</span> <span class='ocrx_word' id='word_1_283' title='bbox 861 3028 947 3095; x_wconf 89' lang='lat' dir='ltr'>atque</span> <span class='ocrx_word' id='word_1_284' title='bbox 967 3014 1125 3093; x_wconf 83' lang='lat' dir='ltr'>excogitari</span> <span class='ocrx_word' id='word_1_285' title='bbox 1146 3012 1187 3076; x_wconf 91' lang='lat' dir='ltr'>sa·</span> 
     </span>
     <span class='ocr_line' id='line_1_36' title="bbox 233 3092 1187 3178; baseline -0.004 -20"><span class='ocrx_word' id='word_1_286' title='bbox 233 3096 281 3158; x_wconf 84' lang='lat' dir='ltr'>tile</span> <span class='ocrx_word' id='word_1_287' title='bbox 303 3093 436 3178; x_wconf 82' lang='lat' dir='ltr'>posfint.</span> <span class='ocrx_word' id='word_1_288' title='bbox 466 3092 549 3153; x_wconf 87' lang='lat' dir='ltr'>Idem</span> <span class='ocrx_word' id='word_1_289' title='bbox 569 3109 667 3155; x_wconf 87' lang='lat' dir='ltr'>autem</span> <span class='ocrx_word' id='word_1_290' title='bbox 688 3094 804 3155; x_wconf 86' lang='lat' dir='ltr'>evenire</span> <span class='ocrx_word' id='word_1_291' title='bbox 832 3094 863 3152; x_wconf 92' lang='lat' dir='ltr'>in</span> <span class='ocrx_word' id='word_1_292' title='bbox 884 3113 914 3154; x_wconf 90' lang='lat' dir='ltr'>re</span> <span class='ocrx_word' id='word_1_293' title='bbox 935 3092 994 3171; x_wconf 86' lang='lat' dir='ltr'>ipsa</span> <span class='ocrx_word' id='word_1_294' title='bbox 1014 3092 1187 3155; x_wconf 89' lang='lat' dir='ltr'>constituen-</span> 
     </span>
     <span class='ocr_line' id='line_1_37' title="bbox 233 3170 1188 3241; baseline 0 -5"><span class='ocrx_word' id='word_1_295' title='bbox 233 3175 265 3236; x_wconf 82' lang='lat' dir='ltr'>da</span> <span class='ocrx_word' id='word_1_296' title='bbox 281 3175 435 3238; x_wconf 85' lang='lat' dir='ltr'>neminem</span> <span class='ocrx_word' id='word_1_297' title='bbox 456 3171 579 3233; x_wconf 89' lang='lat' dir='ltr'>arbitror</span> <span class='ocrx_word' id='word_1_298' title='bbox 599 3193 658 3234; x_wconf 93' lang='lat' dir='ltr'>non</span> <span class='ocrx_word' id='word_1_299' title='bbox 678 3172 800 3235; x_wconf 89' lang='lat' dir='ltr'>videre:</span> <span class='ocrx_word' id='word_1_300' title='bbox 822 3170 900 3241; x_wconf 83' lang='lat' dir='ltr'>cujus</span> <span class='ocrx_word' id='word_1_301' title='bbox 923 3172 964 3232; x_wconf 89' lang='lat' dir='ltr'>rei</span> <span class='ocrx_word' id='word_1_302' title='bbox 985 3170 1088 3233; x_wconf 86' lang='lat' dir='ltr'>Cicero</span> <span class='ocrx_word' id='word_1_303' title='bbox 1105 3172 1188 3236; x_wconf 87' lang='lat' dir='ltr'>nobis</span> 
     </span>
     <span class='ocr_line' id='line_1_38' title="bbox 233 3251 1188 3337; baseline -0.003 -19"><span class='ocrx_word' id='word_1_304' title='bbox 233 3252 470 3337; x_wconf 84' lang='lat' dir='ltr'>locupletiffimus</span> <span class='ocrx_word' id='word_1_305' title='bbox 491 3251 568 3312; x_wconf 85' lang='lat' dir='ltr'>testis</span> <span class='ocrx_word' id='word_1_306' title='bbox 589 3252 643 3313; x_wconf 85' lang='lat' dir='ltr'>esse</span> <span class='ocrx_word' id='word_1_307' title='bbox 663 3252 773 3332; x_wconf 87' lang='lat' dir='ltr'>potest,</span> <span class='ocrx_word' id='word_1_308' title='bbox 793 3252 845 3330; x_wconf 93' lang='lat' dir='ltr'>qui</span> <span class='ocrx_word' id='word_1_309' title='bbox 867 3252 936 3313; x_wconf 84' lang='lat' dir='ltr'>artis</span> <span class='ocrx_word' id='word_1_310' title='bbox 957 3268 1096 3332; x_wconf 84' lang='lat' dir='ltr'>praecepra</span> <span class='ocrx_word' id='word_1_311' title='bbox 1111 3254 1188 3315; x_wconf 86' lang='lat' dir='ltr'>mul·</span> 
     </span>
     <span class='ocr_line' id='line_1_39' title="bbox 235 3329 1187 3414; baseline -0.001 -18"><span class='ocrx_word' id='word_1_312' title='bbox 235 3334 273 3396; x_wconf 77' lang='lat' dir='ltr'>tit·</span> <span class='ocrx_word' id='word_1_313' title='bbox 284 3333 383 3396; x_wconf 86' lang='lat' dir='ltr'>modis</span> <span class='ocrx_word' id='word_1_314' title='bbox 405 3331 568 3405; x_wconf 75' lang='lat' dir='ltr'>tradiavit,</span> <span class='ocrx_word' id='word_1_315' title='bbox 599 3332 690 3414; x_wconf 88' lang='lat' dir='ltr'>iisque</span> <span class='ocrx_word' id='word_1_316' title='bbox 711 3329 845 3392; x_wconf 90' lang='lat' dir='ltr'>omnibus</span> <span class='ocrx_word' id='word_1_317' title='bbox 874 3352 963 3414; x_wconf 92' lang='lat' dir='ltr'>quarn</span> <span class='ocrx_word' id='word_1_318' title='bbox 992 3332 1187 3395; x_wconf 81' lang='lat' dir='ltr'>commodissi-</span> 
     </span>
     <span class='ocr_line' id='line_1_40' title="bbox 232 3410 1188 3483; baseline -0.003 -6"><span class='ocrx_word' id='word_1_319' title='bbox 232 3431 296 3476; x_wconf 78' lang='lat' dir='ltr'>me.</span> <span class='ocrx_word' id='word_1_320' title='bbox 325 3412 397 3476; x_wconf 89' lang='lat' dir='ltr'>Pari</span> <span class='ocrx_word' id='word_1_321' title='bbox 419 3413 491 3472; x_wconf 90' lang='lat' dir='ltr'>item</span> <span class='ocrx_word' id='word_1_322' title='bbox 514 3412 626 3471; x_wconf 86' lang='lat' dir='ltr'>tatione</span> <span class='ocrx_word' id='word_1_323' title='bbox 645 3410 800 3472; x_wconf 88' lang='lat' dir='ltr'>dicendum</span> <span class='ocrx_word' id='word_1_324' title='bbox 823 3410 863 3472; x_wconf 87' lang='lat' dir='ltr'>est</span> <span class='ocrx_word' id='word_1_325' title='bbox 883 3413 919 3475; x_wconf 92' lang='lat' dir='ltr'>de</span> <span class='ocrx_word' id='word_1_326' title='bbox 941 3412 1130 3483; x_wconf 81' lang='lat' dir='ltr'>elocutione3</span> <span class='ocrx_word' id='word_1_327' title='bbox 1151 3413 1188 3474; x_wconf 92' lang='lat' dir='ltr'>de</span> 
     </span>
     <span class='ocr_line' id='line_1_41' title="bbox 231 3489 1188 3577; baseline -0.005 -21"><span class='ocrx_word' id='word_1_328' title='bbox 231 3494 338 3577; x_wconf 84' lang='lat' dir='ltr'>quain</span> <span class='ocrx_word' id='word_1_329' title='bbox 359 3491 449 3554; x_wconf 87' lang='lat' dir='ltr'>tertio</span> <span class='ocrx_word' id='word_1_330' title='bbox 470 3489 570 3565; x_wconf 89' lang='lat' dir='ltr'>libro,</span> <span class='ocrx_word' id='word_1_331' title='bbox 598 3491 630 3550; x_wconf 92' lang='lat' dir='ltr'>in</span> <span class='ocrx_word' id='word_1_332' title='bbox 650 3510 738 3571; x_wconf 92' lang='lat' dir='ltr'>quem</span> <span class='ocrx_word' id='word_1_333' title='bbox 758 3493 859 3552; x_wconf 89' lang='lat' dir='ltr'>omnia</span> <span class='ocrx_word' id='word_1_334' title='bbox 881 3493 941 3563; x_wconf 81' lang='lat' dir='ltr'>ejus</span> <span class='ocrx_word' id='word_1_335' title='bbox 982 3507 1101 3571; x_wconf 74' lang='lat' dir='ltr'>recepta</span> <span class='ocrx_word' id='word_1_336' title='bbox 1120 3491 1188 3552; x_wconf 91' lang='lat' dir='ltr'>sunt</span> 
     </span>
     <span class='ocr_line' id='line_1_42' title="bbox 231 3512 1188 3652; baseline -0.007 -17"><span class='ocrx_word' id='word_1_337' title='bbox 231 3572 357 3647; x_wconf 62' lang='lat' dir='ltr'>minda,</span> <span class='ocrx_word' id='word_1_338' title='bbox 388 3568 502 3631; x_wconf 87' lang='lat' dir='ltr'>abunde</span> <span class='ocrx_word' id='word_1_339' title='bbox 522 3589 540 3629; x_wconf 88' lang='lat' dir='ltr'>a</span> <span class='ocrx_word' id='word_1_340' title='bbox 568 3568 650 3630; x_wconf 88' lang='lat' dir='ltr'>nobis</span> <span class='ocrx_word' id='word_1_341' title='bbox 672 3570 805 3631; x_wconf 70' lang='lat' dir='ltr'>dicetur·</span> <span class='ocrx_word' id='word_1_342' title='bbox 833 3573 878 3632; x_wconf 88' lang='lat' dir='ltr'>Ac</span> <span class='ocrx_word' id='word_1_343' title='bbox 900 3512 1027 3652; x_wconf 47' lang='lat' dir='ltr'>prodito</span> <span class='ocrx_word' id='word_1_344' title='bbox 1048 3589 1115 3631; x_wconf 89' lang='lat' dir='ltr'>cum</span> <span class='ocrx_word' id='word_1_345' title='bbox 1136 3587 1188 3646; x_wconf 90' lang='lat' dir='ltr'>po-</span> 
     </span>
     <span class='ocr_line' id='line_1_43' title="bbox 230 3647 1187 3731; baseline -0.013 -15"><span class='ocrx_word' id='word_1_346' title='bbox 230 3654 302 3716; x_wconf 74' lang='lat' dir='ltr'>stetis</span> <span class='ocrx_word' id='word_1_347' title='bbox 322 3652 413 3731; x_wconf 88' lang='lat' dir='ltr'>longe</span> <span class='ocrx_word' id='word_1_348' title='bbox 436 3648 565 3728; x_wconf 89' lang='lat' dir='ltr'>iniquius</span> <span class='ocrx_word' id='word_1_349' title='bbox 587 3649 685 3710; x_wconf 69' lang='lat' dir='ltr'>atium</span> <span class='ocrx_word' id='word_1_350' title='bbox 707 3648 948 3723; x_wconf 83' lang='lat' dir='ltr'>esset‚s1natura</span> <span class='ocrx_word' id='word_1_351' title='bbox 968 3648 1070 3729; x_wconf 90' lang='lat' dir='ltr'>primis</span> <span class='ocrx_word' id='word_1_352' title='bbox 1091 3647 1187 3705; x_wconf 68' lang='lat' dir='ltr'>homi.</span> 
     </span>
     <span class='ocr_line' id='line_1_44' title="bbox 229 3724 1188 3810; baseline -0.007 -17"><span class='ocrx_word' id='word_1_353' title='bbox 229 3732 310 3797; x_wconf 85' lang='lat' dir='ltr'>n&#39;ibus</span> <span class='ocrx_word' id='word_1_354' title='bbox 333 3728 439 3792; x_wconf 87' lang='lat' dir='ltr'>omnia</span> <span class='ocrx_word' id='word_1_355' title='bbox 459 3727 623 3807; x_wconf 83' lang='lat' dir='ltr'>prodidisset</span> <span class='ocrx_word' id='word_1_356' title='bbox 642 3771 651 3803; x_wconf 90' lang='lat'>,</span> <span class='ocrx_word' id='word_1_357' title='bbox 673 3744 761 3810; x_wconf 90' lang='lat' dir='ltr'>atque</span> <span class='ocrx_word' id='word_1_358' title='bbox 781 3729 893 3808; x_wconf 80' lang='lat' dir='ltr'>optima</span> <span class='ocrx_word' id='word_1_359' title='bbox 912 3745 1034 3809; x_wconf 85' lang='lat' dir='ltr'>quaeque</span> <span class='ocrx_word' id='word_1_360' title='bbox 1054 3724 1188 3804; x_wconf 77' lang='lat' dir='ltr'>deprom-¹</span> 
     </span>
     <span class='ocr_line' id='line_1_45' title="bbox 228 3804 1192 3952; baseline -0.004 -80"><span class='ocrx_word' id='word_1_361' title='bbox 228 3813 346 3895; x_wconf 71' lang='lat' dir='ltr'>pfiffitr</span> <span class='ocrx_word' id='word_1_362' title='bbox 380 3827 475 3948; x_wconf 62' lang='grc' dir='ltr'><em>ηεΙεΠ,</em></span> <span class='ocrx_word' id='word_1_363' title='bbox 489 3824 552 3887; x_wconf 87' lang='lat' dir='ltr'>quae</span> <span class='ocrx_word' id='word_1_364' title='bbox 572 3806 632 3878; x_wconf 87' lang='lat' dir='ltr'>ejus</span> <span class='ocrx_word' id='word_1_365' title='bbox 653 3806 768 3888; x_wconf 85' lang='lat' dir='ltr'>summa</span> <span class='ocrx_word' id='word_1_366' title='bbox 787 3808 842 3952; x_wconf 53' lang='lat' dir='ltr'>eq)</span> <span class='ocrx_word' id='word_1_367' title='bbox 847 3807 999 3889; x_wconf 88' lang='lat' dir='ltr'>prudentia</span> <span class='ocrx_word' id='word_1_368' title='bbox 1015 3849 1025 3880; x_wconf 90' lang='lat'>,</span> <span class='ocrx_word' id='word_1_369' title='bbox 1045 3804 1192 3885; x_wconf 84' lang='lat' dir='ltr'>quicquid</span> 
     </span>
     <span class='ocr_line' id='line_1_46' title="bbox 270 3891 1157 3964; baseline -0.015 -8"><span class='ocrx_word' id='word_1_370' title='bbox 270 3943 275 3956; x_wconf 71' lang='grc' dir='ltr'>ι</span> <span class='ocrx_word' id='word_1_371' title='bbox 303 3891 389 3956; x_wconf 66' lang='lat' dir='ltr'>Tm·</span> <span class='ocrx_word' id='word_1_372' title='bbox 454 3930 463 3948; x_wconf 72' lang='grc' dir='ltr'><strong><em>ο</em></strong></span> <span class='ocrx_word' id='word_1_373' title='bbox 1087 3904 1157 3964; x_wconf 47' lang='grc' dir='ltr'>ΨΩ·</span> 
     </span>
    </p>
   </div>
   <div class='ocr_carea' id='block_1_9' title="bbox 0 0 1525 4559">
    <p class='ocr_par' dir='ltr' id='par_1_9' title="bbox 0 0 1525 4559">
     <span class='ocr_line' id='line_1_47' title="bbox 0 0 1525 4559; baseline 0 0"><span class='ocrx_word' id='word_1_374' title='bbox 0 0 1525 4559; x_wconf 95' lang='lat' dir='ltr'> </span> 
     </span>
    </p>
   </div>
  </div>
 </body>
</html>
