3034 4559
312 485 371 534 102
474 468 556 533 DE
591 466 1028 531 JMlT'ATIONE

269 552 361 613 mines
383 570 431 610 nor
445 567 478 610 ur
500 552 552 634 effe
576 551 777 610 meminerimus
800 572 834 609 ea
853 550 912 631 lege
933 568 1011 611 natos
1026 593 1044 623 ‚s
1061 565 1094 609 ur
1118 540 1242 609 omnibns

270 630 338 691 telis
362 631 481 708 fortune
491 628 626 712 propostm
648 628 687 703 fit
707 634 773 689 vira
792 629 895 707 aalma.
915 630 992 691 Satis
1021 628 1160 693 haetenus
1188 628 1245 692 sor-

269 710 341 772 tasse
375 709 487 772 {aetum
505 710 670 790 essepotuit
698 710 724 772 ei
752 709 886 785 rationi,
914 730 978 791 quae
1000 708 1039 769 ad
1063 726 1245 772 commutati·

270 790 343 851 dam
379 790 543 851 orationem
571 810 605 849 ex
641 788 702 869 ipsa
740 788 878 851 imitandi
907 788 1046 851 facultate
1086 787 1243 851 constituta

270 870 339 941 est;
367 890 427 931 non
455 867 494 929 ab
522 890 553 930 re
583 885 683 930 tamen
708 868 765 930 esse
792 868 855 929 sum
885 884 963 930 ratus
988 911 997 943 ,
1025 867 1045 929 si
1076 868 1106 929 id
1126 888 1245 951 quoque

272 970 311 1011 er
340 949 406 1022 iis,
456 950 486 1010 ui
514 947 614 1011 nostrae
643 948 709 1011 sunt
736 948 859 1024 artatis,
888 948 976 1029 longe
1005 948 1096 1009 etiam
1126 950 1243 1029 planius

270 969 520 1109 comproballem.
545 1027 694 1109 Siquidem
723 1028 916 1089 recentiorum
945 1027 1117 1108 exempliS,
1152 1045 1242 1109 quant

272 1109 365 1169 etiam
391 1111 537 1179 majorum
557 1108 776 1190 quodammodo
794 1106 906 1170 facilius
928 1108 1009 1182 hoc,
1036 1126 1098 1189 quo
1120 1105 1157 1167 de
1178 1109 1245 1190 agi·

273 1207 367 1262 mus,
394 1188 519 1263 sentiri,
546 1208 581 1248 ac
603 1189 710 1268 percipi
733 1188 820 1248 solet.
852 1191 895 1248 Ac
927 1188 1093 1270 quoniam,
1113 1186 1134 1247 sr
1154 1208 1193 1249 ex
1212 1208 1243 1249 o·

272 1266 392 1329 mnibus
407 1268 625 1349 scriptoribus,
669 1267 698 1327 ui
721 1267 806 1347 plane
828 1267 933 1328 Latine
954 1266 1106 1340 scribunt,
1138 1284 1174 1327 ea
1198 1287 1244 1349 pe·

273 1355 338 1409 te're
358 1347 536 1422 voluissem,
557 1288 718 1427 perictllum
739 1362 801 1407 erat
820 1387 831 1421 ,
853 1346 873 1407 fi
893 1366 985 1427 pauca
1006 1368 1041 1407 ex
1062 1345 1183 1426 singulis
1203 1348 1244 1409 ci·

274 1427 374 1488 cassem
394 1428 556 1507 exempla,
585 1448 622 1487 ne
642 1446 715 1505 opus
736 1426 825 1513 nimis
845 1423 957 1487 sonasse
976 1424 1176 1487 mendicatum
1198 1427 1242 1491 vi·

275 1507 417 1576 detetut3
436 1508 506 1581 sin,
524 1526 589 1644 quae
607 1507 743 1646 possem,
763 1506 865 1567 omnia
885 1506 1069 1587 colligerem,
1089 1525 1125 1565 ne
1142 1507 1243 1587 ingen·

275 1587 302 1647 ti
321 1585 470 1647 volumini
491 1585 588 1646 nulus
630 1586 675 1646 nis
693 1587 761 1646 esset
778 1584 893 1648 futurus
909 1603 920 1657 ς
942 1605 1032 1647 unum
1053 1584 1147 1659 mihi,
1161 1587 1243 1648 euni·

275 1681 335 1747 que
358 1665 601 1805 christophorum
629 1663 809 1756 Longolium
832 1665 959 1747 delegi,
990 1665 1021 1729 ἃ
1050 1665 1196 1746 quoniam
1218 1667 1240 1728 is

275 1744 447 1825 iampridem
487 1742 609 1817 eceffit,
636 1760 670 1805 ut
699 1762 731 1805 tn
750 1763 787 1805 eo
806 1744 921 1806 nullam
943 1745 988 1806 illi
1008 1759 1178 1806 caeterorum
1200 1745 1241 1807 in·

274 1824 388 1886 vidiam
403 1824 702 1905 concitarem,neque
710 1822 739 1883 id
761 1844 816 1904 ego
837 1824 899 1886 ulla
917 1824 1081 1886 ambitione·
1097 1823 1237 1887 arduum

274 1902 370 1965 secisse
405 1900 532 1964 accusari
555 1900 684 1983 possrm3
724 1903 755 1963 δι
773 1905 916 1986 quoniam
944 1905 968 1966 is
998 1901 1099 1985 [mea
1118 1903 1237 1986 quidem

274 1977 458 2063 sententia]
492 2000 562 2042 cunt
590 1980 666 2044 hanc
693 1984 885 2045 convertendi
905 1985 1077 2058 rationem,
1111 1998 1177 2045 tum
1199 2000 1238 2046 to·

274 2076 339 2125 tam
358 2057 496 2122 imitandi
523 2057 694 2124 facultatem
714 2062 828 2146 optime
850 2062 1019 2127 consecutus
1040 2066 1094 2127 est.
1124 2064 1237 2145 Legun-

273 2155 325 2203 tur
352 2140 437 2211 hujus
455 2136 630 2203 defensiones
657 2142 721 2205 duae
748 2144 780 2205 in
800 2144 865 2206 suos
886 2142 1088 2206 adversarios:
1117 2140 1154 2205 ad
1184 2146 1237 2206 Ln-

274 2222 413 2283 theranos
432 2220 504 2283 item
524 2221 632 2283 Oratio
645 2239 730 2298 nna,
751 2224 863 2285 summa
877 2242 979 2285 omnes
999 2224 1168 2305 eloquentia
1192 2243 1237 2304 pe·

274 2317 394 2363 rotata.
414 2300 496 2363 Libri
511 2299 584 2364 item
601 2317 727 2384 quatuor
745 2303 931 2384 epistolarum
952 2301 988 2365 ad
1008 2302 1181 2377 familiares,
1197 2318 1236 2365 at·

273 2399 332 2464 que
350 2381 460 2443 anticos
481 2379 665 2444 Latinislime
685 2382 864 2464 conscripti:
887 2383 1000 2446 tametsi
1017 2383 1147 2446 nondum
1170 2384 1194 2442 is
1210 2402 1236 2443 e·

274 2477 323 2524 rat
341 2461 466 2523 omnino
487 2462 680 2541 Longolius,
705 2482 775 2525 cum
798 2461 936 2533 deceffit3
964 2480 1054 2543 quem
1074 2462 1157 2523 nobis
1179 2463 1235 2533 ejus

270 2541 384 2631 ¹scripta
401 2541 449 2602 vel
467 2536 549 2601 brevi
568 2539 629 2601 sore
649 2540 887 2621 pollicebantur3
909 2540 1066 2629 inquibus
1088 2555 1187 2603 tamen
1209 2561 1237 2603 o-

276 2619 395 2682 mnibus
425 2620 470 2679 ita
490 2618 640 2679 Ciceronis
668 2617 805 2692 locutio,
834 2635 924 2699 atque
950 2617 1066 2680 dicendi
1086 2618 1187 2681 formae
1207 2642 1238 2683 o·

276 2716 359 2760 annes
379 2713 461 2775 arque
479 2712 647 2833 apparent,
665 2710 754 2777 atque
772 2697 952 2771 elucescunt,
969 2698 1094 2776 utqui,
1115 2717 1239 2777 quomo·

274 2778 315 2837 do
344 2775 472 2849 Cicero,
513 2788 663 2853 oquatut,
693 2792 767 2835 unus
794 2775 914 2836 tandem
944 2775 1068 2837 extitisse
1104 2776 1238 2843 videatur

274 2849 453 2933 Lougolius.
473 2848 529 2914 Sed
546 2851 660 2991 quonia
713 2852 790 2913 secus
812 2851 982 2937 quibusdam
1003 2855 1094 2917 videri
1116 2854 1237 2937 sentio,

273 2935 350 2995 hanc
371 2947 468 2992 meam
488 2947 585 3013 paucs
607 2930 645 2992 de
679 2949 749 2995 anto
768 2932 842 2995 Viro
861 2934 1031 3015 opinionem
1050 2952 1082 2996 ut
1098 2935 1236 3015 probem,

273 3011 360 3073 simul
387 3027 487 3073 autem
513 3011 546 3073 &
560 3002 642 3072 'eoru
700 3009 855 3089 refellam,
883 3031 972 3098 atque
997 3013 1170 3091 consutem,
1199 3018 1236 3082 ad

272 3090 353 3153 bunc
363 3092 465 3154 'locum
480 3077 621 3233 pertilqgre
635 3091 766 3154 videtur.
786 3091 938 3157 Continuo
954 3096 1046 3177 igitur
1061 3095 1104 3155 isli
1119 3096 1149 3156 id
1164 3096 1232 3159 huic

269 3172 388 3234 crimini
404 3170 492 3247 dant,
512 3192 572 3255 quo
599 3188 643 3233 ”ex
659 3172 801 3236 Cicerone
815 3189 880 3237 tam
896 3173 993 3255 palam
1009 3190 1146 3245 centones
1163 3196 1234 3237 con·

272 3251 368 3325 suere,
389 3249 540 3334 furemque
555 3250 736 3316 manifestum
751 3271 836 3335 agere
851 3272 911 3315 non
927 3253 1082 3323 dubitarit.
1105 3256 1166 3330 Qui
1185 3276 1233 3318 ve·

272 3348 308 3392 ro
324 3347 392 3391 cum
413 3350 449 3392 eo
474 3330 566 3392 lenius
584 3349 700 3412 agunt,
720 3352 789 3395 eum
812 3333 961 3396 Ciceronis
980 3334 1158 3398 corniculam
1181 3355 1199 3397 a

270 3409 409 3491 pellant-3
430 3426 463 3470 ut
476 3409 600 3471 omnino
619 3413 651 3471 in
666 3410 717 3473 sua
731 3413 877 3475 elaborata
891 3414 1023 3476 oratione
1042 3457 1051 3487 ,
1071 3414 1173 3476 acillo
1211 3415 1234 3476 i·

270 3488 377 3549 (lionis
399 3505 501 3569 genere
523 3506 700 3571 perpurgato
718 3490 790 3553 surti
804 3507 934 3567 notam,
956 3514 989 3555 ac
1006 3494 1077 3555 mali
1095 3494 1233 3558 confarci⁴

272 3568 506 3631 natorisinomen
522 3569 615 3630 vitare
630 3591 690 3632 non
707 3573 852 3651 potuerit.
873 3572 989 3635 Scilicet
1008 3574 1144 3653 equidem
1159 3576 1234 3637 hanc

272 3648 398 3710 arbitror
419 3646 499 3711 suiss‘e
522 3650 681 3710 maximam
697 3649 847 3727 caussam,
867 3652 1056 3733 quamobrem
1077 3653 1154 3715 hunc
1176 3656 1234 3734 pri-

272 3746 356 3789 mum
377 3748 414 3789 ca
436 3730 571 3789 Romana
588 3726 887 3793 Civitatedeturbare
907 3732 1005 3793 conati
1027 3733 1091 3796 sunt
1106 3733 1168 3802 eius
1184 3734 1235 3796 ad·

270 3808 406 3871 versarii:
424 3824 501 3871 nunc
516 3826 586 3871 nero
602 3808 647 3870 isti
663 3829 781 3894 quoque
796 3832 832 3872 ex
852 3813 939 3874 Latio
954 3812 1075 3886 dejicere
1093 3830 1161 3879 carn
1176 3814 1234 3876 ini·

1135 3909 1194 3973 qne
