3034 4559
347 541 521 664 ioj‘eum-
543 557 621 640 sroe.
638 554 759 663 ipsum.
786 556 898 658 multo
924 559 1132 657 correuius,
1159 567 1314 642 emenda·

346 678 481 782 tiusque
509 673 653 752 secundo
682 671 787 748 edere·
810 673 1013 768 statuissem,
1035 693 1073 750 ae·
1103 676 1204 751 alicui
1223 681 1310 755 item

345 791 498 892 Principi
535 786 730 884 inscribere¹
746 787 821 886 pari
857 786 988 866 ratione
1015 786 1195 865 statuissem
1222 819 1237 879 ·,
1267 822 1312 869 ex

346 907 428 999 iis,
446 900 577 1012 quise
608 900 697 1006 mihi
725 897 943 998 offerebant,
970 900 1024 974 cui
1053 900 1136 977 illud
1167 906 1228 979 hnc
1256 903 1313 979 sua

344 1003 489 1098 secunda
521 997 698 1092 editione
695 1013 816 1141 qnafi·
838 1012 930 1088 dono
967 1015 1062 1088 mitti
1092 1015 1236 1116 posset,
1275 1043 1309 1092 te

344 1132 436 1212 mihi
466 1126 602 1234 nullus
603 1125 860 1234 opportunior
894 1125 1028 1202 oblatus
1070 1128 1152 1205 est
1196 1133 1240 1208 In
1276 1158 1317 1205 o·

295 1257 300 1268 “
343 1220 501 1328 mnibus
503 1242 627 1354 enirn,
658 1265 698 1315 ιιι
725 1242 842 1316 omnia
863 1239 1045 1370 diligenter
1064 1242 1315 1372 providissem,

297 1433 304 1457 ι
348 1331 534 1462 numqurin
572 1356 608 1430 id
647 1335 734 1429 mihi
773 1354 852 1470 stris
881 1363 1016 1441 cruere
1022 1359 1224 1457 poteram,
1266 1382 1309 1429 ne

345 1468 524 1555 viderer,
566 1456 699 1578 quod
687 1468 825 1564 ajunt,
868 1496 914 1544 ex
942 1497 1008 1560 una
1035 1467 1106 1543 filia
1133 1471 1217 1545 duos
1245 1470 1309 1543 mi

334 1579 383 1656 :hi
419 1574 560 1708 generos
601 1602 795 1678 comparere
825 1623 838 1666 ,
878 1571 917 1652 n'e
959 1601 1004 1652 ex
1044 1579 1167 1654 erdem
1196 1579 1311 1654 fidelia

342 1691 427 1766 duos
464 1693 611 1794 parietes
639 1690 793 1786 deuibrre
813 1688 1014 1763 uoluisse·¹
988 1717 1112 1790 ,·qua
1154 1689 1309 1792 suspicio·

338 1831 386 1898 ne
414 1806 451 1881 in
479 1829 513 1877 te
541 1831 610 1880 uno
640 1781 782 1906 prorsus
796 1800 957 1876 liberatus
985 1747 1078 1878 sum.
1106 1806 1201 1878 Nam
1230 1832 1318 1896 curn„

338 1915 448 2028 sguter
473 1916 514 1991 fit
542 1907 611 1994 sere
644 1914 730 1991 ulter¹
767 1939 847 1990 eum
885 1914 1029 2012 fratre,
1062 1915 1101 1990 'in
1143 1917 1205 1991 hac
1234 1932 1321 1994 mea'

339 2029 410 2105 tibi
448 2027 667 2130 inscriptione
706 2028 746 2103 de
775 2032 899 2103 Fratre
936 2053 997 2102 tuo
1026 2028 1113 2105 nihil
1153 2030 1305 2106 detraxe·

339 2157 421 2236 m,
441 2141 532 2242 quod
563 2142 627 2237 tibi
658 2167 737 2216 ιιιιιι
765 2167 805 2215 eo
833 2142 896 2216 hec
923 2139 1037 2240 fratris
1076 2143 1208 2219 ratione
1237 2148 1305 2249 noti

339 2281 524 2365 commune
553 2252 631 2332 fit.
660 2255 718 2330 Ad
746 2256 817 2338 haec
835 2255 974 2338 accedit
1003 2313 1014 2350 ,
1035 2257 1152 2385 quod.
1171 2258 1242 2358 pari
1273 2286 1304 2332 a·

221 2469 226 2476 .
340 2391 440 2446 more
480 2390 514 2440 te
562 2366 716 2468 prosequi
757 2351 939 2462 uidebor,
986 2369 1045 2470 qui
1084 2371 1156 2470 pari
1193 2372 1303 2445 etiam

340 2497 484 2558 munere
512 2504 547 2553 te
576 2479 635 2553 sim
664 2479 875 2579 prosecutus.
912 2486 1007 2555 Nam
1045 2481 1181 2583 siquid
1211 2484 1301 2558 aliud

340 2580 410 2672 ὧι
440 2591 616 2692 separatim
645 2589 797 2670 scribere
814 2593 1028 2712 voluissem,
1072 2597 1160 2670 nihil
1190 2621 1303 2697 erat3
1314 2587 1317 2592 ’

340 2723 404 2781 ant
431 2703 455 2778 [i
484 2728 555 2778 erat
583 2707 755 2799 omnino,
786 2693 877 2783 tert'e
906 2699 983 2781 eum
1012 2651 1078 2782 lior
1105 2710 1146 2784 de
1184 2709 1304 2784 linita

341 2813 438 2893 tione
476 2844 544 2892 non
573 2841 645 2892 erut
683 2764 992 2920 ιοιιζριιιιιιάιιιιιμ
1015 2826 1176 2896 Praererea
1219 2847 1301 2895 vero

344 2933 406 3030 qui
435 2957 530 3032 ego,
560 2929 620 3032 qui
651 2930 1060 3008 aliosimiteri'doceam
1082 2990 1094 3025 ‚
1119 2935 1159 3008 ab
1189 2934 1303 3008 imita·
1345 2917 1351 2936 ‘

342 3045 439 3118 tione
469 3042 703 3121 discederem?
739 3046 801 3146 qui
828 3072 905 3120 eum
936 3073 996 3120 vos
1035 3041 1300 3146 conjunoiiffima

343 3156 521 3230 voluntate
550 3215 561 3250 ,
594 3183 696 3258 atque
726 3184 847 3233 mutuo
875 3162 963 3234 inter
991 3185 1053 3233 vos
1081 3159 1227 3233 maxime
1268 3165 1317 3232 a?

344 3273 432 3344 mari
463 3270 645 3361 viderem,
673 3271 869 3347 hocs-modo
896 3274 980 3346 meis
1007 3272 1140 3370 scriptis
1171 3271 1302 3370 'disjun-

343 3408 445 3485 gere,
466 3407 567 3484 utque
596 3382 742 3486 separare
763 3385 858 3461 facile
887 3385 996 3458 videri
1027 3385 1169 3486 possem.
1199 3390 1318 3459 AEtas'

343 3496 428 3570 item
460 3524 549 3574 nunc
579 3498 740 3591 tuaest,
769 3525 842 3600 qun
871 3499 1000 3571 Fratris
1030 3521 1134 3589 erat,
1164 3524 1242 3571 cum
1264 3500 1302 3571 is·

310 3694 313 3700 ¹
345 3606 372 3682 li
403 3611 467 3685 hoc
496 3611 605 3712 scripsi
635 3666 649 3701 ‚
688 3612 794 3685 studia
822 3611 937 3685 eadem
968 3664 979 3700 ,
1020 3637 1079 3711 par
1116 3612 1220 3687 etiam
1251 3613 1303 3685 in·

346 3722 522 3828 telligendi
558 3724 647 3799 ratio
675 3779 687 3818 ,
722 3725 845 3826 quibus
873 3725 1059 3800 rationibus
1094 3752 1163 3800 non
1192 3724 1321 3800 solum·

1174 3835 1244 3910 sua·
