3034 4559
440 459 446 466 ·
515 442 544 500 ι.
581 440 598 496 1
634 441 661 496 n
700 439 725 496 ε
765 440 793 496 a
850 440 886 496 u.
959 507 963 514 ¹
1097 440 1134 517 ες

273 581 278 594 ,
297 520 430 601 11anae
439 520 605 601 principium
621 516 711 593 Musa
719 541 730 577 :
744 517 832 596 Jovis
846 518 938 576 omnia
946 517 1049 596 plena.

297 601 350 660 Ille
365 601 545 672 callemus,
567 598 614 655 illi
629 620 688 654 mea
703 597 825 656 carmina
843 619 927 657 cure.

244 681 298 741 uvis
319 681 427 758 optimi
448 679 600 757 gratiam,
630 676 661 736 a
687 673 818 736 fauorem
837 675 925 746 jadai
944 677 1120 750 Damoetas,
1141 678 1173 740 in

244 779 277 820 uo
296 760 346 820 sua
368 759 498 817 carmina
518 757 607 816 nimis
630 757 729 834 magni
749 753 842 830 facit,
869 758 921 837 qui
941 778 975 818 ea
994 755 1085 818 etiam
1104 754 1172 826 Jovi

244 840 351 910 uximae
366 857 442 898 curae
457 837 510 898 elle
526 836 619 896 dicat.
639 833 728 918 Quqd
752 834 845 915 iplum
866 856 961 917 neque
983 833 1175 900 dissimulavit

244 918 384 989 lenalcaS,
405 916 443 976 sic
466 915 651 995 respondens:
731 933 733 938 ·
953 921 957 928 '

291 1000 331 1056 Et
344 1018 388 1054 me
402 994 525 1056 Pboebus
539 1012 632 1070 mat,
651 989 752 1054 Phoeba
760 995 818 1071 sua
825 995 933 1077 semper
946 999 1026 1078 apud
1036 1022 1080 1058 me

292 1080 416 1146 Munera
424 1074 496 1151 [unt
510 1076 600 1136 lauri
606 1116 618 1152 ,
637 1073 677 1135 Θ
684 1071 779 1152 suave
791 1073 890 1136 rubens
902 1074 1082 1156 hyacintbus.

244 1153 346 1222 nitatio
366 1153 408 1216 est
428 1156 459 1216 in
477 1155 606 1216 Deorum
615 1174 684 1234 erga
697 1151 724 1214 se
740 1155 847 1215 amoris
862 1155 950 1218 alacri
964 1157 1174 1222 astentatione.

244 1237 294 1296 lam
314 1235 364 1296 hic
384 1234 455 1306 Jovi
479 1232 621 1296 Phoebum
643 1232 774 1308 objecit,
801 1255 820 1295 a
845 1255 906 1315 quo
927 1235 954 1296 se
973 1258 1042 1298 cum
1061 1241 1174 1316 amari,

244 1335 278 1376 un
299 1316 392 1378 etiam
413 1314 473 1383 ejus
493 1311 642 1375 frondibus
663 1312 761 1374 ornari
779 1312 890 1382 instat.
916 1313 967 1374 Est
988 1317 1060 1376 item
1082 1319 1113 1377 in
1136 1321 1174 1380 le-.

244 1395 329 1465 eejm
351 1393 509 1467 carminis,
531 1391 704 1473 quaprinri
726 1408 778 1452 aut
800 1392 937 1466 majora,
955 1410 1008 1454 aut
1027 1398 1173 1460 contraria

244 1473 338 1538 ulliilat
357 1474 416 1536 dici
435 1493 446 1544 3
470 1473 502 1534 in
523 1473 578 1534 hoc
598 1489 697 1534 autem
720 1470 830 1552 supetat
850 1471 1002 1533 Menalas
1018 1469 1124 1546 ‚scum
1145 1476 1174 1540 se

244 1574 311 1615 auro
326 1575 345 1614 a
362 1553 414 1615 luo
428 1552 488 1624 jam
505 1551 648 1615 donatum
661 1550 731 1616 effe:
749 1571 810 1634 quo
827 1550 858 1610 in
874 1551 940 1614 loco
954 1551 1106 1628 Damoetas
1122 1554 1174 1626 sua¹

244 1650 329 1695 ntum
354 1633 484 1694 carmina
504 1632 555 1694 suo
580 1632 690 1712 placere
713 1628 874 1694 ostentabat
898 1676 906 1690 .
937 1630 1076 1716 Proponit
1100 1634 1172 1698 item

244 1714 330 1775 lamon
349 1713 386 1773 ad
404 1713 480 1788 hunc
497 1712 659 1788 modum,·.-

294 1794 376 1852 Malo
396 1813 440 1850 me
456 1794 575 1853 Galatea
585 1792 659 1873 petit
674 1789 785 1870 lasciva
796 1792 913 1872 puella,

290 1875 327 1932 Ee
337 1873 416 1952 fugit
430 1872 470 1931 ad
478 1871 597 1949 filices,
617 1869 657 1932 (θ’
670 1871 705 1948 se
718 1873 794 1950 cupit
808 1890 873 1931 ante
887 1871 995 1934 videri.

244 1952 283 2024 luo
297 1953 328 2013 in
343 1954 410 2024 loco
424 1951 461 2012 fic
476 1952 563 2013 illum
579 1950 731 2012 aemulatus
748 1949 787 2010 est
804 1951 953 2014 Menalcas
962 1973 972 2023 3

293 2035 332 2090 At
347 2029 419 2090 mibi
427 2033 462 2106 je
469 2031 504 2108 se
519 2032 595 2109 offen
610 2031 681 2090 ultro
696 2053 771 2089 meus
785 2032 859 2110 ignis
873 2037 1024 2106 Amyntas,

292 2112 388 2170 Notior
408 2128 441 2167 ut
460 2111 520 2187 jam
534 2107 705 2186 fitlcanibus
721 2132 776 2170 non
796 2111 882 2174 Delia
899 2111 1009 2188 nostris.
1116 2127 1121 2134 ·

245 2188 347 2251 nitatio
374 2175 415 2250 est
443 2190 474 2248 in
502 2188 674 2250 amoribus.
704 2189 806 2254 Secum
836 2191 916 2252 enim
964 2189 1071 2252 uellam
1090 2191 1172 2256 suam

244 2271 371 2330 ‹rocaciter
394 2268 492 2330 ludere
512 2270 631 2330 Damon
659 2268 824 2347 gloriatur:
855 2270 926 2328 Men
958 2288 1004 2328 cas
1025 2286 1122 2330 autem
1144 2271 1172 2330 se

244 2346 336 2409 [ebrius
358 2369 377 2408 a
399 2346 451 2409 suo
470 2352 602 2428 Amynta
622 2346 697 2407 adiri
719 2346 859 2408 testatur.
883 2347 919 2406 In
935 2367 999 2486 pun
1020 2347 1092 2428 item
1112 2349 1170 2409 Da·

244 2444 329 2489 ionem
350 2428 438 2509 longe
459 2426 595 2509 superat,
617 2426 669 2506 qui
689 2424 835 2486 amoribus
857 2425 913 2488 suis
947 2442 1071 2496 ruatu13
1100 2448 1168 2492 cum

244 2506 268 2568 le
285 2523 401 2569 tantum
421 2509 546 2570 amicam
568 2506 648 2568 suam
671 2503 765 2565 secum
786 2502 890 2566 lascive
910 2504 1056 2567 ludentem
1074 2505 1171 2567 dicat.

244 2583 268 2652 3st
286 2587 376 2649 etiarn
398 2587 431 2648 in
452 2588 636 2667 personarum
658 2582 870 2659 similitudine,
899 2585 1024 2648 Galatea
1043 2583 1170 2660 scilicet,

244 2680 298 2750 tque
318 2669 476 2745 Amyntae
504 2686 569 2749 quae
588 2662 775 2746 personarum
796 2663 872 2724 ratio
891 2664 1089 2728 imitationem
1109 2686 1171 2730 non

244 2767 314 2808 arum
335 2746 474 2815 adjuvare
495 2745 581 2806 solet.
606 2745 701 2824 Pergit
721 2744 839 2805 Damon
861 2743 911 2805 suo
931 2743 1080 2806 instituto:

290 2828 379 2886 Parta
394 2847 458 2885 m
474 2827 567 2885 Veneri
576 2824 646 2900 fient
660 2844 793 2894 munera3
813 2846 931 2904 namque
946 2825 1043 2884 notavi

290 2905 350 2986 lpse
364 2905 455 2976 locum
471 2906 565 2976 aeriae,
586 2925 638 2981 quo
654 2903 812 2983 congreffere
821 2901 981 2982 palumbes.

244 3000 309 3057 juam
324 2989 444 3065 ,partein
464 2982 501 3044 fic
521 2982 670 3043 Menalcas
690 2981 861 3043 emulatur:

290 3064 382 3146 ,Quod
393 3064 474 3142 potui
484 3107 493 3137 ,
497 3080 579 3141 puero
589 3060 722 3138 sylvestvi
739 3083 773 3119 ex
789 3058 881 3118 arbore
899 3057 970 3119 lello

289 3148 386 3204 Aurea
401 3140 479 3216 mala
494 3144 583 3201 decem
599 3138 677 3213 mist,
692 3160 750 3198 nas
766 3140 853 3199 altera
868 3140 996 3200 mittam.
1140 3187 1144 3192 .

244 3241 390 3298 imunere
406 3219 563 3294 manifesta
580 3219 618 3279 est
635 3217 780 3298 imitatio.
802 3220 884 3280 Nam
907 3218 981 3282 alter
1006 3216 1032 3276 se
1047 3217 1174 3298 parasse,

244 3301 288 3364 uod
308 3263 411 3363 amicis
428 3300 541 3360 muneri
557 3298 700 3366 mitteret3
721 3296 794 3358 alter
811 3296 838 3357 se
859 3298 919 3369 jam
935 3296 1051 3371 minue,
1073 3319 1106 3360 ac
1123 3298 1172 3360 de-

244 3399 270 3442 10
288 3382 343 3446 effe
360 3378 510 3441 miffurum
527 3377 678 3459 praedicat.
695 3374 774 3436 Item
792 3376 822 3437 in
840 3397 875 3438 eo
890 3376 947 3453 est,
963 3376 1041 3459 quod
1057 3378 1171 3458 palum·

244 3477 259 3520 s
273 3461 348 3523 alter
357 3481 368 3531 3
381 3457 470 3530 ¹mala
484 3459 557 3518 alter
574 3476 659 3518 aurea
673 3454 752 3516 dono
769 3456 892 3518 miserit.
907 3457 946 3519 Su
983 3472 1027 3519 rat
1043 3477 1110 3522 euin
1126 3459 1184 3518 bis·

244 3538 378 3613 malcas,
394 3535 520 3617 &quod
537 3537 596 3605 jam
613 3534 741 3609 miserit,
758 3533 789 3594 δι
804 3536 883 3618 quod
899 3538 941 3597 mi
966 3556 1048 3599 urum
1065 3535 1093 3595 se
1109 3536 1172 3616 pol-

244 3635 344 3680 eatur.
367 3615 497 3695 Reliqua
514 3616 549 3675 ad
568 3616 644 3676 hunc
667 3614 696 3674 se
721 3614 842 3676 modum
858 3633 922 3678 tota
938 3615 1024 3678 habet
1040 3613 1171 3675 Cantile-

244 3741 263 3772 .,
282 3696 365 3779 quod
387 3710 487 3756 autem
508 3694 539 3754 in
561 3694 614 3755 hac
634 3692 710 3754 binis
727 3712 777 3772 per
815 3695 871 3756 tuis
887 3694 1078 3766 carminibus,
1101 3710 1173 3772 qua-

249 3777 296 3841 nis
316 3776 399 3838 idem
419 3772 509 3835 efficit
530 3773 562 3834 iu
582 3770 725 3836 Meliboeo
804 3773 880 3838 hunc
900 3773 1038 3838 modun:

259 3899 263 3910 .
285 3859 369 3917 Tom.
391 3854 443 3912 ΠΙ.
765 3849 793 3911 E
1043 3851 1132 3928 Nym-
