3034 4559
558 469 1015 552 irascit-²
1150 501 1189 571 73

274 559 406 646 agina,
430 575 553 640 teneat,
573 585 609 626 eo
624 565 712 626 modo
769 566 909 630 tiroscitut
924 568 1036 650 probe,
1059 569 1089 631 ἃ
1111 587 1143 633 ut
1196 589 1232 633 ue

275 643 417 706 sententia
440 644 619 732 inemedium
640 644 715 707 addu
744 668 792 721 a,
814 663 901 729 atque
921 665 1005 711 acute
1023 650 1158 732 utrinque
1197 650 1232 712 is·

273 731 402 804 putata,
432 724 503 804 qu1d
534 726 627 788 verius
648 726 711 800 srt,
741 726 835 808 magis
855 727 1001 789 elucescit.
1030 729 1060 790 Si
1081 730 1176 791 uidem
1199 729 1232 790 in

275 819 415 888 perpetua
432 803 564 865 oratione
580 806 695 868 auditor
709 806 779 869 facit
795 851 804 881 ,
826 807 904 889 quasr
923 809 975 890 qui
991 828 1026 869 ex
1083 809 1162 871 verso
1175 806 1231 869 flu·

275 884 376 960 nine,
398 881 560 967 eodemque
581 887 662 968 praeci
684 887 723 947 ite
745 931 755 962 ‚
782 903 888 968 aquam
909 886 1049 962 hauriat,
1069 889 1149 959 cujus
1168 903 1231 960 cur·

276 961 314 1024 sus
333 958 506 1040 imitatus,
527 980 614 1046 atque
674 966 769 1029 versus
791 966 910 1028 calicem
929 987 1090 1050 numquam
1110 967 1231 1049 implere

273 1041 417 1128 permittit
435 1063 444 1112 3
466 1042 502 1105 fic
524 1045 555 1105 in
576 1047 698 1128 rapida,
720 1061 807 1130 atque
827 1045 950 1109 incitata
964 1047 1112 1122 oratione,
1128 1066 1231 1138 quam·

276 1121 317 1183 vis
343 1122 444 1206 multa¹
462 1123 597 1205 cujusque
617 1126 697 1188 modi
717 1127 832 1208 rapiant
849 1141 930 1189 aures
950 1171 959 1203 ‚
988 1146 1048 1189 non
1069 1145 1170 1189 omnia
1190 1141 1232 1188 ta-

276 1215 338 1264 nen
363 1203 484 1264 auditor
508 1205 613 1281 tenet,
643 1222 729 1288 atque
752 1207 917 1269 conservat.
941 1207 989 1268 Ad
1015 1207 1074 1268 hacc
1096 1205 1231 1280 accedit,

276 1281 348 1372 quod
371 1283 392 1343 fi
416 1295 481 1366 quar
501 1305 519 1345 a
540 1285 623 1347 nobis
645 1286 822 1362 traduntur,
851 1303 903 1347 aut
924 1285 999 1347 secus
1027 1285 1085 1366 [ut
1101 1285 1164 1347 fieri
1184 1284 1232 1346 sae·

276 1377 333 1443 prus
365 1361 470 1444 solet]
497 1365 656 1446 perceperit
678 1365 819 1437 auditor3
841 1381 890 1427 aut
912 1365 985 1425 teile
1004 1381 1168 1445 percepta,
1197 1364 1230 1425 in

277 1461 335 1502 eam
355 1441 536 1504 sententiam
562 1466 621 1506 non
642 1445 772 1526 probarit
792 1444 858 1507 satis
878 1461 887 1514 3
919 1464 986 1505 cum
1007 1443 1131 1505 alterum
1151 1444 1232 1525 inge·

276 1537 325 1584 nue
345 1519 503 1599 fateatur,
523 1525 647 1590 altenrm¹
665 1524 754 1586 etiam
777 1539 872 1606 aperte
888 1523 1065 1604 argumentis
1087 1521 1233 1585 infirmare
1325 1571 1329 1580 .

277 1617 415 1672 conetur3
445 1617 497 1665 aut
520 1619 553 1667 ut
572 1604 668 1665 nostra
697 1604 802 1665 rediius
823 1603 986 1694 percipiat,
1015 1601 1175 1664 autetiam
1196 1619 1231 1664 ut

278 1679 351 1743 luam
372 1681 502 1764 corrigat
519 1683 708 1759 sententiam,
730 1683 890 1746 rationibus
906 1684 1128 1745 convincemus.
1143 1682 1233 1758 Quod

278 1775 339 1823 vero
354 1761 522 1825 satietatem
537 1763 685 1847 quandam
700 1762 842 1834 objiciunt
858 1805 868 1839 ,
888 1773 977 1845 quarn
1001 1762 1031 1823 id
1048 1762 1146 1838 resie,
1171 1781 1231 1823 non

280 1837 338 1902 latis
353 1841 445 1904 video
465 1863 474 1914 ;
495 1863 559 1925 quae
577 1858 718 1925 perpetuae
735 1843 838 1924 potius
850 1843 988 1906 orationis
1005 1841 1064 1918 srt,
1084 1859 1173 1928 quam
1189 1841 1233 1903 in·

280 1920 445 2002 inpellatae.
467 1922 496 1984 Si
518 1923 614 1994 uidem
639 1922 763 1984 satietati
780 1924 904 1986 varietas
929 1923 959 1983 in
976 1922 1077 2014 primis
1092 1921 1232 1984 occurrit.

280 1998 315 2059 lt
327 1999 478 2081 longiores
495 1944 561 2065 ium
579 2047 588 2078 ,
609 2021 697 2084 quam
714 2002 781 2064 satis
798 2004 861 2079 est,
880 2003 933 2085 qui
950 2002 1077 2083 Dralogo
1092 2011 1232 2062 ut'untur.

280 2077 343 2140 Non
358 2080 416 2144 hoc
431 2081 553 2163 Dialogi
571 2097 630 2144 tam
648 2082 687 2142 est
704 2083 812 2145 vitium
822 2087 937 2164 ,quam
952 2097 1058 2142 caeterae
1078 2079 1232 2156 diiiionis,

287 2155 465 2224 sanationis
487 2160 701 2242 longitudinem
725 2161 816 2223 efficii
837 2179 897 2223 non
919 2160 1075 2222 verborum
1090 2159 1233 2220 ¹infinitus

281 2241 436 2320 numerus,
461 2239 507 2302 sed
524 2240 640 2322 pusillus
665 2242 753 2301 etiam
771 2241 985 2322 supervacuus,
1009 2239 1040 2300 ἃ
1057 2237 1233 2299 redundans.

281 2317 350 2390 Quid
366 2317 461 2383 veto?
476 2319 556 2403 quod
574 2341 632 2382 non
651 2340 709 2381 uno
723 2320 813 2380 modo
829 2321 860 2379 in
878 2320 932 2379 hoc
946 2316 1073 2379 versatur
1087 2315 1234 2397 Scriptus?

282 2395 352 2474 Nam
375 2416 431 2462 aut
457 2400 482 2460 is
499 2417 614 2460 omnem
639 2401 669 2459 in
686 2400 714 2459 se
728 2398 953 2480 disputationem
969 2395 1120 2476 suscipiens
1136 2439 1145 2470 ,
1169 2411 1231 2458 tam

283 2471 394 2541 fideliter
409 2479 568 2541 adversarii
584 2495 677 2562 partes
693 2522 702 2553 ‚
717 2478 806 2560 quam
824 2477 885 2539 suas
902 2522 911 2552 ‚
932 2474 1045 2537 sortiter
1060 2475 1233 2555 disputando

283 2553 421 2631 defendit3
448 2574 503 2620 aut
519 2557 611 2642 ipsum
630 2560 795 2641 loquentem
812 2557 949 2631 inducit,
979 2555 1015 2617 ab
1038 2555 1093 2617 illo
1115 2555 1233 2634 inquit,

281 2631 439 2718 &inquam
461 2635 643 2700 coinmodius
666 2637 837 2713 declinans,
868 2637 1002 2719 utrique,
1024 2635 1102 2697 suam
1119 2652 1231 2716 partem

280 2711 321 2778 sno
336 2735 419 2781 more
435 2731 472 2780 ut
489 2733 620 2793 tueatur,
636 2716 724 2779 libere
740 2718 925 2800 permittens.
942 2715 1033 2787 Cujus
1048 2715 1165 2798 quidem
1181 2719 1234 2797 poi

280 2793 394 2859 serioris
442 2797 537 2858 eneris
562 2817 622 2858 non
646 2815 736 2858 unum
762 2798 833 2860 item
858 2798 906 2859 est*
913 2817 1019 2878 genus.
1041 2799 1103 2858 Aut
1126 2795 1233 2872 eninr,

280 2875 357 2960 quiq
425 2875 603 2957 vit'aliquid
619 2921 628 2951 ,
653 2877 766 2939 tamdiu
782 2892 857 2939 tacet
874 2922 883 2951 ,
908 2877 1004 2957 quoad
1020 2875 1057 2936 ab
1072 2875 1234 2937 adversario

279 2954 354 3032 plane
370 2955 545 3019 conclusum
563 2954 596 3016 sit
613 2976 622 3026 3
647 2958 743 3017 autin
761 2957 842 3017 rebus
857 2955 975 3036 singulis
992 2957 1108 3045 utrique
1124 2954 1232 3014 insisti-

280 3049 334 3108 tur,
349 3052 385 3098 ut
403 3081 413 3112 ,
432 3034 600 3109 intellecto,
616 3035 686 3116 quid
702 3035 823 3118 quisque·
838 3034 976 3096 concedat
993 3079 1001 3109 ,
1018 3033 1088 3115 qu1d
1105 3032 1232 3107 abnuat,

277 3110 382 3178 lucilius
398 3114 541 3177 concludi
557 3159 567 3188 ,
591 3129 678 3194 atque
694 3116 856 3177 aderitum
873 3114 953 3175 suum
979 3112 1094 3194 perduci
1111 3131 1154 3171 res
1169 3111 1234 3192 pos·

276 3191 316 3255 it.
337 3195 476 3278 Uterque
493 3208 593 3255 autem
610 3210 660 3255 aut
676 3193 735 3254 ase
752 3193 813 3275 ipso
830 3237 839 3267 ,
863 3193 1002 3275 quicquid
1019 3192 1169 3272 disputat,
1187 3201 1234 3252 to·'

277 3285 330 3334 tum
347 3272 504 3356 depromit
521 3290 598 3342 aaut
613 3272 648 3334 de
665 3273 724 3333 alio
741 3275 883 3355 quopiam
897 3285 1046 3351 acceptum
1063 3269 1141 3353 quasr
1157 3285 1234 3332 nun·¹

276 3351 373 3430 cium„
401 3369 434 3416 at
460 3371 496 3413 ue
512 3352 698 3433 interpretem
721 3369 809 3434 agens
826 3350 924 3424 refert,
947 3351 984 3413 ln
1007 3372 1066 3434 quo
1082 3350 1155 3412 illud
1171 3352 1234 3412 ani·

276 3373 518 3495 menendum
544 3432 583 3493 est
605 3432 760 3506 maxime,
785 3431 980 3493 ne‘videlicet
1003 3431 1096 3512 inepti
1119 3431 1234 3500 fimus;

274 3507 324 3573 hoc
339 3512 380 3573 eli
398 3557 409 3589 ,
426 3526 464 3572 ut
481 3529 530 3570 eas
546 3510 676 3590 personas
694 3512 843 3596 loquentes
859 3511 998 3574 faciamus
1015 3557 1024 3587 ,
1063 3531 1105 3573 ua
1122 3511 1148 3571 ei
1164 3509 1207 3570 rei
1224 3553 1235 3584 ,

273 3587 304 3649 de
319 3611 379 3729 pua
395 3588 492 3653 verba
509 3587 604 3664 fient,
621 3591 749 3652 maxime
765 3593 956 3654 conveniant.
978 3593 1020 3653 Ut
1041 3533 1064 3650 ii
1081 3590 1116 3651 de
1132 3588 1238 3677 amici·-

273 3668 310 3729 tia
337 3691 423 3731 ermo
440 3666 558 3729 futurus
575 3667 634 3744 su,
657 3673 757 3731 nonis
783 3672 809 3732 ei
826 3673 1002 3734 attribuatur
1018 3671 1106 3743 viro,
1128 3685 1180 3747 qur
1196 3685 1235 3727 ert

269 3744 369 3810 fabulis
388 3750 528 3828 sumptus
544 3745 578 3808 s1t
594 3792 603 3823 ,
626 3750 806 3825 autetiam,
828 3751 880 3832 qui
898 3772 956 3812 non
980 3745 1115 3828 singulari
1132 3744 1233 3826 aliqua

270 3823 399 3891 docuerit
424 3825 578 3889 amicitia.
596 3827 700 3909 Neque
717 3831 788 3892 item
805 3874 815 3908 ,
835 3830 887 3912 qui
906 3830 943 3892 de
962 3826 1112 3890 Seneslute
1133 3825 1239 3906 loqua-

1128 3921 1212 3978 uu,
