3034 4559
343 470 400 517 too
509 447 587 515 DE
624 449 1062 513 ΙΜΙΤΑΤΙΟΝΕ

331 531 446 609 Quibus
464 533 601 595 omnibus
617 532 648 592 in
664 532 735 594 iocis
752 530 872 592 eandem
889 530 1038 611 cogitandi
1055 529 1259 611 diligentiam,

290 614 342 677 fed
359 634 419 675 non
436 610 536 674 iisdem
556 611 650 675 verbis
667 611 839 673 Ciceronem
858 610 1038 692 fignificass'e,
1061 610 1176 691 planius
1192 632 1260 673 con·

290 695 364 760 state
388 691 570 773 nonqpotest.
584 692 725 752 ⁴Primum
744 690 825 751 eninr
839 692 937 770 sapa,
961 688 1000 751 (π
1024 690 1152 749 multum‘
1165 690 1259 752 dixit.

292 771 425 835 Secundo
449 786 621 833 autem-una
643 791 716 832 noce
731 769 802 831 duas
823 768 1050 849 compleliitur‚
1071 789 1135 851 quae
1157 769 1262 845 estfa-

286 870 448 936 penumero.
468 851 571 912 Tettio
592 851 703 912 rediens
728 850 764 911 ad
781 849 915 911 eumdem
938 868 1090 910 numerum
1107 847 1259 910 adverbio·

289 951 355 993 rum
377 931 418 991 ait
435 949 441 988 :
462 930 513 990 diu
529 930 714 1008 multumque.
736 930 881 992 Postremo
897 928 1069 1009 multumque
1083 928 1123 989 (9
1138 930 1189 989 diu
1208 928 1259 990 du·

290 1009 594 1093 pliciterconiuuxit.
626 1009 705 1070 Illud
727 1009 798 1070 item
824 1008 959 1070 adhunc
982 1008 1101 1071 modum
1124 1006 1264 1069 multisa-·

289 1091 363 1151 riam
401 1088 504 1150 rotulit
519 1091 551 1150 in
568 1087 647 1150 libris
662 1088 825 1152 Oratoriis.
848 1089 979 1151 Primum
996 1109 1062 1150 curn
1079 1090 1145 1153 ait:
1171 1089 1261 1166 Dein·¹

288 1171 326 1229 ale
341 1108 399 1247 esd>
408 1190 512 1227 omnem
530 1171 689 1242 orationem,
706 1187 737 1226 ut
751 1170 786 1227 de
802 1164 915 1241 infinita
930 1169 969 1227 rei
986 1163 1197 1247 quallioneliue
1212 1165 1259 1227 de-

283 1245 438 1327 signatione
459 1247 659 1328 personarum,
681 1248 720 1307 (9
751 1264 927 1329 temporum,
948 1266 997 1307 aut
1012 1249 1046 1306 de
1072 1270 1099 1306 re
1119 1248 1199 1308 certis
1229 1248 1258 1307 in

284 1327 431 1409 pensatis,
451 1350 485 1389 aa
508 1326 672 1409 temporibus
694 1327 801 1388 locata.
823 1326 952 1389 Secundo
969 1328 1040 1389 item
1065 1326 1096 1387 in
1112 1326 1178 1388 loco
1193 1325 1231 1388 fic
1248 1345 1258 1386 τ

289 1411 356 1468 Duo
382 1408 476 1487 prima
497 1430 596 1489 genera
642 1407 797 1484 uallionum
816 1397 897 1486 iffi,
929 1408 958 1467 in
989 1406 1087 1487 quibus
1102 1406 1258 1485 eloquentia

289 1486 444 1563 versatum
471 1510 556 1547 uuum
580 1431 743 1561 miiitum,
770 1487 888 1549 altarum
911 1507 1027 1546 certum.
1055 1486 1161 1548 Tertio
1181 1486 1258 1547 item

289 1586 351 1627 rem
378 1565 499 1627 eandem
523 1566 581 1627 alio
597 1566 695 1628 ‘ruodo
712 1567 850 1647 peragit,
872 1586 939 1627 curn
964 1566 1059 1629 dicit:
1080 1569 1146 1630 Duo
1176 1583 1259 1640 unt,

289 1663 322 1705 at
339 1645 521 1721 latitudini,
542 1645 716 1726 questionum
736 1667 861 1726 genera,·
881 1666 992 1721 quarum
1013 1644 1130 1704 alterum
1165 1646 1256 1705 nitum

288 1722 478 1803 temporibus,
504 1725 543 1786 (9
555 1724 703 1803 personis,
730 1722 935 1797 controversiam
952 1765 962 1799 ,
982 1725 1102 1804 cauffam
1117 1723 1226 1805 appello
1244 1743 1255 1795 5

287 1804 404 1862 alterum
431 1799 568 1877 infinitum
594 1803 683 1862 nullis
705 1826 790 1881 neque
809 1803 954 1883 personis,
984 1827 1070 1883 nequa
1088 1802 1256 1883 temporibus?

287 1900 410 1943 notatum
426 1923 436 1957 ,
452 1880 614 1963 propofitum
631 1905 710 1943 voca.
734 1882 882 1944 Postremo
901 1902 968 1944 cum
990 1885 1056 1946 ait„⁸
1087 1888 1152 1946 Hae
1166 1883 1253 1964 igitur

287 1960 394 2042 quallio
416 1982 435 2019 a
446 1962 567 2043 propriis
585 1962 730 2042 personis,
751 1962 790 2025 (a
805 1980 858 2023 tem
893 1960 967 2023 tibus
982 1964 1021 2023 ad
1037 1960 1163 2036 universi
1169 1985 1251 2042 geue·

287 2042 327 2100 ris
343 2038 488 2100 orationem
505 2040 633 2103 tradulla
647 2041 803 2122 appellatur
822 2046 851 2102 T
896 2064 934 2103 ts.
955 2042 1067 2120 Quibus
1085 2044 1116 2103 in
1133 2043 1205 2103 locis
1221 2060 1251 2104 ud

287 2137 327 2181 na
347 2133 461 2181 tantum
487 2120 522 2182 de
549 2141 577 2183 re
599 2122 674 2203 agi,
697 2121 783 2204 idque
809 2142 948 2205 perquam
970 2124 1071 2194 varie,
1102 2122 1249 2185 neminem

287 2200 410 2261 arbitror
433 2221 492 2261 non
517 2200 632 2280 videre.
652 2200 730 2262 Illud
754 2202 825 2264 item
850 2204 881 2263 in
905 2202 1007 2265 iisdem
1030 2200 1109 2262 libris
1126 2200 1254 2263 dicendo·

286 2280 413 2341 variavit
431 2280 547 2361 sapius.
567 2280 601 2342 Id
623 2282 694 2343 item
717 2282 772 2345 hoc
788 2283 900 2344 modo:
922 2283 954 2344 la
976 2300 1091 2360 utraque
1112 2277 1204 2340 autem
1222 2302 1247 2339 ra

286 2359 420 2441 quicquid
442 2361 473 2419 in
496 2360 699 2434 controversiam
723 2362 842 2436 veniat,
871 2364 945 2421 ineo
984 2362 1049 2420 uati
1062 2360 1178 2436 fhlere5
1201 2375 1246 2418 aut

279 2438 388 2518 salium
408 2461 440 2497 ne
449 2436 516 2512 βω·
535 2460 609 2512 aut,
628 2437 705 2516 stell
713 2440 842 2518 sallum,
878 2385 1005 2513 ualui&
1025 2458 1075 2503 aut
1095 2462 1147 2517 quo
1163 2441 1251 2514 etiam

284 2521 392 2578 uomina
415 2536 526 2578 vocetur
543 2538 552 2590 3
573 2538 647 2593 aut,
666 2520 741 2598 quod
763 2464 892 2580 nonnulli
917 2518 1052 2594 addunt,
1072 2516 1139 2578 telle
1154 2542 1188 2579 ue
1198 2520 1246 2597 sa-

284 2596 357 2657 Ram
376 2596 428 2674 effe
443 2597 575 2656 videatur
588 2619 617 2666 .··,
644 2629 648 2637 ·
723 2640 727 2647 -

281 2675 371 2748 Quod
391 2672 483 2753 ipsum
507 2673 629 2735 secundo
689 2676 712 2735 it
733 2675 778 2735 hie
799 2674 921 2739 verbis:

280 2756 356 2813 Nam
373 2753 508 2830 quicquid
521 2751 583 2827 ali,
602 2775 640 2829 qu
681 2754 721 2811 ia
737 2771 874 2813 controver
886 2776 939 2828 ta,
960 2772 1009 2813 aut
1030 2751 1059 2813 in
1079 2757 1253 2817 contentione.

280 2829 426 2907 versetur,
447 2830 477 2888 ia
492 2852 548 2903 eo,
569 2848 620 2888 aut
628 2828 667 2903 stt
682 2854 738 2905 ne,
767 2849 818 2890 aut
833 2830 903 2911 quid
918 2832 982 2907 fit,
1013 2852 1063 2892 aut
1086 2833 1168 2911 quale
1180 2834 1243 2909 fit,

279 2909 424 2990 quaritur.
446 2908 552 2970 Tertio
574 2926 671 2979 autem
692 2910 728 2972 stc
744 2934 755 2972 .·
777 2913 874 2971 Omnis
888 2936 955 2988 tes,
985 2936 1045 2992 quae
1064 2910 1142 2972 habet
1164 2915 1194 2972 in
1210 2910 1243 2991 se

273 2988 439 3073 plitamiu
459 2987 592 3063 diffinite,
607 3008 658 3049 aut
672 2990 864 3071 disceptatione
877 2992 1002 3071 aliquam
1020 2993 1242 3069 controuersiam,

278 3088 329 3130 aut
339 3067 412 3148 fulli
428 3112 437 3142 ,
459 3087 508 3128 aut
524 3070 664 3144 nominis,
685 3091 734 3129 aut
749 3067 862 3130 allionis
878 3074 994 3131 continet
1010 3073 1193 3153 quaessionem.
1228 3097 1239 3140 χ

277 3146 325 3210 It'a
345 3150 376 3210 in
398 3147 479 3209 libris
500 3149 534 3210 de
550 3147 663 3210 Officiis
681 3148 723 3211 bis
741 3151 859 3213 eandem
877 3154 1028 3234 exequitur
1045 3152 1239 3225 sententiam3

278 3232 372 3309 rteq'ue
388 3228 485 3289 minus
500 3227 670 3308 splendide,
691 3250 781 3309 quarn
799 3231 888 3294 etiam
903 3233 997 3294 varie.
1021 3232 1067 3294 Sic
1084 3232 1161 3292 enim
1179 3234 1218 3293 ait
1230 3252 1251 3291 r·

277 3308 365 3386 quue
378 3307 442 3383 suis
463 3310 636 3382 commodis,
658 3332 712 3367 noa
729 3309 859 3387 honestate
878 3312 1014 3371 metitur:
1034 3310 1080 3372 hic
1096 3309 1125 3383 ſs
1138 3307 1197 3384 stbi
1217 3312 1249 3371 i·-

270 3387 323 3539 ze
342 3386 510 3463 consentiat,
539 3387 578 3447 (9
597 3410 649 3447 nou
669 3391 805 3449 interdum
827 3409 928 3451 natura
947 3387 1064 3449 bonitate
1085 3392 1216 3451 vincatur
1237 3434 1248 3466 ,

313 3508 333 3538 .,
362 3484 402 3524 ut.
416 3485 502 3545 neque
521 3466 671 3525 amicitiam
695 3469 777 3529 colera
793 3469 900 3547 poffit‚
931 3492 977 3530 nec
999 3469 1158 3545 justitiam,
1189 3493 1250 3532 netv

278 3543 485 3605 liberalitatem.
513 3541 588 3604 Item
611 3562 707 3607 autem
737 3546 839 3608 dixit:
870 3550 936 3629 Q
954 3567 1045 3616 autem
1073 3550 1165 3607 omnia
1186 3572 1242 3609 ma*

276 3628 382 3697 eluatur
401 3624 612 3697 emolumentis,
640 3626 686 3692 (9,
699 3627 869 3701 commedit,
897 3649 982 3706 utque
1003 3649 1035 3686 ea
1055 3627 1154 3688 volunt
1169 3644 1241 3707 pra·

271 3705 417 3785 ponderari
436 3702 591 3779 honestate,
613 3702 642 3761 ti
658 3705 748 3779 solem
770 3706 799 3764 in
820 3702 995 3768 deliberando
1016 3706 1148 3785 honestum
1178 3728 1242 3771 cum

274 3806 327 3861 aa,
356 3783 661 3870 quadutileputuat,
690 3803 864 3870 comparare:
894 3783 957 3861 boui
984 3788 1041 3851 viri
1060 3809 1111 3848 aaa
1127 3784 1236 3865 solent.

341 3897 391 3930 ι..
683 3919 685 3924 .
750 3926 753 3933 ,
1151 3863 1197 3928 Re
