3034 4559
495 458 653 524 ''L‘I
689 470 715 526 B
754 468 781 523 Ε
819 463 943 532 Reti.
970 481 1040 536 'it‘
1152 467 1170 532 d

276 541 413 607 recendit
422 544 510 624 facile
528 540 737 621 coinquinabar.
759 544 815 608 tlte
835 548 907 609 item
922 561 957 610 ex·
968 548 1105 614 Platonis
1127 487 1243 624 ‚seriem

276 627 315 687 tia
335 625 430 687 dixit:
451 623 645 701 tumdenique
653 626 714 703 fore
728 623 821 684 beatas
840 627 1032 707 Respublica,
1042 629 1072 704 fi
1083 648 1132 690 aut
1147 632 1219 691 dotti
1226 670 1238 708 ,

274 703 310 767 Φ
319 706 465 786 Jitpientes
479 702 597 764 homines
612 725 658 762 eas
673 726 758 841 νὲςονε
774 706 925 785 coepiffent3
945 726 1013 785 aut,
1035 710 1085 790 qui
1099 730 1235 790 regerent,

271 807 346 844 omne
357 783 485 861 studium
495 783 580 860 fitam
597 783 626 841 in
641 783 676 842 do
703 786 783 856 rina,
800 805 833 846 ac
843 787 981 866 sapientia
996 788 1179 867 colloeaffent.
1203 792 1233 852 A

271 864 419 926 contrario
437 884 493 944 ego
512 861 548 922 fic
568 863 719 924 commode
740 862 845 926 faciam
868 886 875 925 :
896 870 1031 947 Equidem
1055 890 1100 927 eas
1120 869 1233 945 miserae

272 946 414 1004 Civitates
429 945 481 1024 effe
496 945 566 1003 dato
584 981 594 1014 ,
614 965 684 1021 quas
704 962 753 1002 aut
773 943 894 1019 iuditii,
913 965 996 1029 atque
1015 946 1169 1028 insspientes
1190 945 1236 1007 lan·

270 1025 356 1083 mines
377 1045 464 1102 regere
482 1020 619 1102 coeptffent
632 1042 642 1094 3
663 1041 712 1081 aut
726 1024 776 1103 qui
791 1044 924 1103 regerent,
940 1028 1049 1088 nullum
1060 1026 1183 1103 studium
1199 1026 1232 1086 in

269 1125 357 1162 rerum
371 1103 519 1179 cognitione
534 1123 668 1181 umquam
678 1104 839 1182 pojutffent.
860 1104 937 1166 Item
952 1106 1001 1168 Sul
1024 1106 1093 1169 itius
1114 1105 1237 1168 Cicero*

269 1183 299 1244 ni
317 1181 359 1243 fic
379 1181 423 1243 ait
445 1201 453 1242 τ
474 1180 603 1242 Vidimus
623 1181 768 1261 aliquoties
782 1183 933 1261 sitandam
952 1203 979 1245 te
993 1127 1066 1265 iirre
1081 1184 1234 1264 pulcherri-

270 1285 308 1321 me
331 1262 504 1340 sonum,
533 1281 579 1318 ma
597 1282 714 1339 namque
741 1285 776 1322 ex
795 1286 827 1321 ea
855 1286 883 1322 re
903 1283 929 1323 te
948 1265 1059 1325 laudem
1088 1264 1234 1343 adipiscit

267 1343 311 1419 fec
330 1339 488 1422 aliquanda
517 1282 706 1419 inteiligamus
733 1343 879 1419 adversam
899 1361 1049 1422 quoquere
1071 1344 1233 1422 equeferre

266 1420 366 1502 pupi,
391 1442 477 1500 neque
497 1419 530 1479 id
550 1420 669 1500 majus,
697 1443 781 1499 quam
800 1423 850 1501 effe
870 1421 997 1495 debeat,
1023 1419 1078 1481 tibi
1098 1443 1172 1492 anus¹
1185 1421 1236 1479 vi·¹

271 1501 323 1560 deri
344 1520 352 1560 :
384 1522 419 1560 ne
437 1522 473 1559 ex
492 1496 618 1558 omnibus
640 1498 789 1559 virtutibus
810 1500 864 1562 hae
882 1523 939 1561 una
958 1501 1013 1562 tibi
1032 1498 1232 1576 videaturde-

269 1579 362 1660 fuiffe.
383 1583 483 1656 Quam
504 1599 557 1640 nos
579 1578 751 1640 sententiam
773 1580 809 1642 sic
830 1578 962 1643 bifariam
983 1597 1084 1644 contre
1104 1569 1232 1657 exempli

271 1659 359 1721 cauffo.
378 1656 578 1722 confecimus:
608 1659 733 1720 Vidimus
756 1677 783 1719 re
795 1661 898 1741 sepius
915 1661 1058 1739 fertiffime
1080 1658 1230 1734 adversam

270 1740 403 1816 fortunam
412 1740 511 1817 ferre,
531 1760 710 1817 magnamque
730 1761 763 1799 ex
783 1762 815 1800 ea
833 1740 946 1801 laudem
965 1741 1088 1821 consequi
1106 1761 1115 1811 3
1132 1740 1182 1817 fac
1202 1738 1229 1796 i·

272 1835 310 1895 ta,
326 1837 361 1880 ut
382 1818 573 1897 intelligamus
593 1818 684 1877 letam
700 1842 774 1897 eque
788 1822 921 1900 perferre5
938 1844 1022 1901 neque
1037 1839 1063 1880 te
1078 1820 1230 1900 quicquam

274 1898 296 1956 in
312 1915 352 1958 tat
370 1943 381 1974 ‚
400 1919 435 1958 ac
456 1898 541 1958 tantis
561 1894 637 1957 rebus
650 1898 769 1975 filiciter
784 1899 865 1977 galiis
886 1901 1044 1977 insolentius
1062 1901 1150 1979 efferri
1162 1899 1230 1975 ‘sem

275 1977 393 2053 imus,
421 2000 507 2058 quam
537 1977 566 2036 in
587 1976 678 2036 minus
693 1978 829 2059 prosperis
849 1980 986 2057 demrffius
1005 2000 1133 2061 regerere
1147 1984 1227 2044 vidi}

275 2077 350 2118 aar:
372 2076 406 2117 ut
420 2096 430 2132 ‚
450 2080 509 2137 qua
530 2054 587 2116 tibi
602 2058 693 2116 virtus
720 2060 750 2118 in
766 2057 888 2131 adversss
903 2082 976 2138 equo
992 2061 1084 2120 anima
1100 2063 1226 2139 serendis

276 2137 345 2214 effluit
361 2181 371 2212 ‚
392 2135 449 2198 hec
463 2137 557 2197 eadem
573 2136 604 2194 in
620 2137 690 2196 letis
712 2140 885 2199 moderandis
901 2162 953 2199 non
969 2140 1055 2219 derffe
1080 2143 1226 2202 videatara

276 2212 355 2277 Item:
375 2216 507 2277 Vidimus
521 2218 594 2276 enim
610 2216 692 2275 illum
700 2217 803 2297 sepius
818 2218 849 2278 in
860 2219 992 2294 secundis
1009 2220 1093 2279 nimis
1108 2220 1225 2298 infiden-

276 2297 380 2374 referri
397 2317 406 2367 3
427 2319 462 2356 ex
484 2318 583 2378 qua-re
598 2318 650 2375 qun
670 2309 704 2353 tre
722 2319 849 2375 magnam
870 2298 1018 2375 infamiam
1041 2296 1108 2356 tulit
1122 2317 1131 2369 3
1134 2299 1229 2438 Appio

263 2375 409 2458 5adversem
429 2374 516 2436 nihilo
527 2374 627 2453 fortius
648 2319 779 2434 iaturrum
795 2400 806 2435 :
829 2394 860 2435 ut
875 2377 962 2457 plum
982 2376 1115 2437 virtutem
1190 2399 1224 2452 ,cf
1266 2450 1269 2454 Ι

278 2475 324 2530 qne
343 2455 379 2532 eli
400 2474 460 2516 tum
479 2456 509 2515 in
531 2457 667 2515 moderate
687 2476 727 2513 res
740 2455 904 2531 secundas,
925 2475 985 2516 tum
1000 2455 1110 2534 sortiter
1125 2457 1227 2526 adver·

272 2530 308 2607 les
321 2536 451 2614 fetendo,
466 2535 514 2595 illi
533 2534 618 2615 deeffe
626 2534 713 2612 facile
727 2535 929 2615 intelligamus.
951 2538 1053 2600 Cicero
1067 2535 1139 2598 item
1158 2536 1225 2600 ait-e

276 2613 310 2688 tt
323 2638 385 2675 vero
411 2619 571 2696 firrtunatus
592 2615 672 2691 ille,
701 2616 781 2692 cujus
803 2640 836 2676 ex
856 2617 951 2694 salute
970 2641 1022 2678 non
1042 2617 1128 2678 minor
1142 2633 1226 2695 poeae

276 2696 307 2754 td
320 2717 436 2771 amnes,
458 2718 540 2774 quam
560 2698 599 2757 ad
618 2696 701 2756 illum
723 2714 841 2756 ventura
851 2695 890 2769 stt
906 2741 916 2771 ,
935 2697 1035 2758 latitia
1051 2699 1225 2778 pervenerit.

276 2771 326 2835 Noe
345 2793 417 2839 vero
439 2777 476 2837 fic
495 2795 514 2836 a
532 2777 704 2838 contrario:
731 2777 779 2851 Ess
794 2779 878 2838 enirn·
892 2777 942 2837 ille
956 2779 1065 2859 prorsus
1089 2778 1223 2855 infelix,

272 2857 338 2933 cujus
356 2878 392 2914 ex
419 2873 502 2914 marte
531 2878 583 2916 nna
603 2857 691 2918 minor
706 2871 786 2935 poene
813 2858 961 2918 adamate
981 2859 1106 2931 letitia,
1135 2876 1220 2937 atque
1286 2910 1288 2915 .

272 2935 415 3075 teleptae,
444 2957 529 3014 quam
550 2936 591 2996 ad
610 2958 695 3013 eum,
724 2938 774 3014 qui
789 2937 872 2996 illum
888 2938 1070 3015 interfecerit,
1102 2956 1222 3004 ventura

268 3007 307 3082 d.
344 3029 407 3076 tem
426 3013 482 3076 hoc
501 3016 588 3076 modo
606 3036 613 3075 :
633 3015 685 3074 Ille
701 3038 765 3075 vere
781 3017 862 3092 miser
875 3017 935 3092 esi,
956 3019 1036 3094 cajus
1060 3040 1094 3075 ex
1110 3016 1220 3091 miseria

269 3111 309 3154 nrt
329 3096 417 3154 urinae
432 3094 529 3154 letitia
543 3096 582 3155 ad
596 3118 684 3154 omnes
700 3094 836 3172 homines,
858 3119 942 3175 quam
964 3096 1055 3168 dolor,
1065 3094 1145 3169 adse
1156 3110 1221 3173 pet-

270 3175 367 3235 aaa.
389 3173 445 3236 Ait
464 3175 534 3235 item
557 3174 660 3237 Cicero
682 3177 837 3255 preclare:
858 3175 963 3235 Multis
974 3173 1139 3256 parriburii
1150 3174 1220 3255 plu-

268 3271 299 3312 res
305 3255 376 3331 sunt
391 3298 402 3330 ,
418 3254 468 3333 qui
478 3256 573 3334 parati
582 3256 651 3333 fiant
667 3257 707 3315 ad
722 3257 933 3335 depravandum
951 3256 1225 3335 Priatipem,quani-

268 3333 306 3419 pai
326 3336 369 3396 at
388 3334 595 3418 corrigendum.
613 3339 721 3411 *Quem
741 3335 838 3397 locum
858 3336 955 3417 quivit
978 3337 1161 3400 econtrario
1181 3338 1219 3399 fic

268 3414 368 3479 imitari
388 3415 499 3496 poterit
516 3435 523 3473 :
548 3415 654 3476 Multis
672 3414 797 3496 partibus
817 3417 840 3474 ii
855 3419 966 3495 quidem
975 3418 1116 3499 paucioret
1125 3417 1220 3494 sunt,

301 3493 493 3572 'Principibus
516 3494 585 3555 relic
600 3496 769 3573 consulunt,
800 3518 884 3575 quam
908 3498 959 3576 qui
979 3499 1004 3557 ei
1018 3498 1131 3575 turpiter
1146 3499 1217 3557 adu-

266 3515 377 3637 iiirrur.
406 3574 463 3636 lrle
482 3595 553 3637 vero
580 3575 680 3638 dixit:
712 3582 812 3672 Quam
822 3575 864 3649 ste
877 3595 1043 3657 occupatus,
1070 3573 1121 3648 erst
1145 3575 1219 3637 nihil

264 3677 291 3715 ea
307 3659 342 3717 de
367 3679 396 3717 re
417 3659 458 3715 ad
475 3654 518 3715 me
530 3653 678 3737 scripsiffes
703 3702 712 3732 ,
734 3659 767 3719 td
786 3675 876 3716 tamen
899 3656 1016 3736 profilia
1036 3656 1085 3713 vel
1104 3660 1215 3714 tuarmit

263 3735 395 3796 literarum
415 3735 562 3811 brevitas,
582 3738 630 3800 vel
650 3737 724 3797 locus
744 3738 816 3818 ipse,
839 3737 912 3795 unde
934 3735 1001 3793 illas
1022 3734 1156 3808 mitteres,
1168 3732 1218 3807 sa·

261 3817 293 3876 e's
301 3813 481 3900 fignificarer.
495 3817 554 3879 ,Τιι
574 3817 629 3880 hoc
649 3816 737 3881 modo
753 3834 817 3958 rugi
839 3814 949 3894 imitari
965 3812 1071 3893 poteris
1092 3832 1127 3874 ex
1146 3832 1214 3873 con·

298 3935 301 3944 -
847 3913 863 3975 3
1122 3909 1178 3954 tra-
