3034 4559
510 454 570 531 JO.
593 454 813 516 BAPTISTAE
840 455 994 517 PIGNAE.
1142 473 1198 538 αις

272 532 410 593 morem?
431 531 511 607 Quid
531 534 565 593 de
586 534 770 594 celeberrimo
791 535 850 603 ejus
870 538 1012 596 comitatu
1032 577 1042 609 ,
1069 535 1161 619 deque
1180 542 1240 605 Re«

273 612 323 750 fiio
354 627 518 692 apparatu,
549 633 583 673 ac
604 612 875 675 munificentissimis
905 614 1037 694 impensis
1058 660 1067 691 ,
1088 637 1153 680 cum
1175 615 1236 682 Lu*

292 691 374 752 ovici
403 692 574 753 Duodecimi
604 693 759 754 Gallorum
789 694 878 773 Regis
907 695 1052 760 Renatani
1081 694 1173 757 liliam
1204 699 1236 762 in

274 770 377 834 Gallia
397 771 429 830 in
449 792 567 833 uxorem
587 771 689 833 duxit?
712 772 791 848 Quid
812 772 847 833 de
870 772 973 835 illustri
992 774 1079 839 simili
1098 776 1241 852 adlione,

273 869 342 909 cum
364 850 504 913 Venetias
526 849 699 932 navigavit?
727 851 807 926 Quid
829 851 864 913 de
884 852 1010 931 eadem,
1037 872 1103 918 cuin
1125 855 1239 936 Philip·

274 948 329 1067 qus
363 946 429 990 turn
460 931 666 1011 Hispaniarum
697 932 834 1011 Princeps
857 929 1013 999 Mantuam
1064 934 1175 996 ervenit
1204 933 1244 1000 ad

299 1008 380 1089 elgae
409 1010 550 1072 Carolum
573 1013 690 1073 Patrem
718 1027 943 1088 conventurus,
973 1014 1004 1075 δι
1063 1014 1168 1079 ercules
1189 1012 1238 1078 illi

275 1087 381 1154 obvius
402 1089 544 1152 occurrit?
566 1094 607 1152 At
628 1111 698 1152 vero
718 1090 800 1170 viget
821 1091 935 1165 etiam,
957 1109 991 1158 ut
1013 1113 1089 1155 nunc
1110 1093 1241 1176 reliquos

275 1169 442 1243 omittam,
463 1168 547 1231 Pauli
567 1171 663 1232 Tertii
685 1170 716 1234 in
737 1169 813 1233 hane
829 1169 937 1231 Urbem
958 1171 1180 1251 splendidissime
1196 1191 1243 1234 re·

274 1248 352 1327 cepti
381 1248 550 1320 adveutus;
577 1270 611 1313 ac
632 1249 682 1310 nisi
712 1247 797 1328 [heu
817 1249 1010 1313 miserabilem
1039 1250 1180 1333 casuml]
1209 1272 1242 1313 a·

275 1327 374 1388 cerbus
403 1348 480 1389 nunc
509 1329 592 1393 dolor
620 1328 728 1390 nostros
766 1330 878 1389 animos
907 1329 1138 1410 perstringeret,
1168 1331 1240 1410 quia

275 1406 410 1468 Pontifex
431 1408 513 1473 Man.
535 1408 612 1470 vidit
631 1405 711 1469 suam
733 1408 862 1469 Romam
891 1408 922 1468 in
944 1408 1019 1468 hanc
1041 1408 1149 1470 Urbem
1171 1429 1242 1469 eon-

275 1486 413 1561 versam,
443 1488 554 1567 vigeret
582 1488 673 1548 etiam
700 1486 754 1547 illa
782 1487 898 1566 publica
919 1487 1074 1558 hilaritas3
1103 1488 1241 1567 vigerent

276 1565 319 1628 illi
344 1564 406 1627 festi
428 1566 487 1626 dies
507 1586 516 1637 3
537 1567 670 1646 vigerent
693 1566 744 1626 illa
766 1566 892 1647 hospitia
919 1566 955 1627 de
976 1587 1056 1628 more
1076 1566 1242 1646 triumpho·

275 1665 342 1707 rum
372 1644 530 1706 celebrata.
560 1646 659 1707 Nostri
689 1646 832 1726 Principis
858 1646 1050 1727 eloquentia,
1077 1667 1141 1729 quae
1170 1663 1240 1712 cum

276 1722 428 1787 laudandis
459 1725 525 1786 aliis
546 1725 654 1787 artibus
683 1725 746 1806 post
768 1725 923 1806 superiores
953 1726 1077 1789 virtutes
1097 1725 1245 1807 subsequia

276 1819 339 1879 tur,
355 1820 467 1884 quanta
487 1801 591 1879 suerit,
607 1806 666 1875 ejus
685 1804 832 1867 domestici
854 1804 1053 1881 sermonis,ac
1072 1806 1242 1878 literarum,

277 1903 349 1966 quas
371 1882 517 1964 saepislime
538 1883 692 1960 disiabate
712 1884 872 1948 recordatio
891 1906 940 1947 me
962 1907 1039 1948 nunc
1061 1887 1160 1977 eloqui
1181 1905 1244 1950 nott

277 1964 403 2043 patitur.
436 1966 573 2044 Apuero
596 1964 803 2041 Hetruscam,
833 1966 864 2027 δι
893 1965 1032 2028 Latinam
1060 1965 1246 2047 purissimam*

277 2042 363 2122 pleno
384 2064 433 2104 ore
463 2044 627 2117 hauserat,
656 2066 771 2128 unaque
799 2044 948 2125 utriusque
977 2046 1085 2125 linguae
1108 2045 1244 2120 poesim,

279 2123 325 2183 cui
357 2123 523 2196 musicam,
551 2123 720 2203 piduram,
751 2124 783 2185 δι
811 2125 938 2205 equestre
967 2144 1115 2185 armorum
1139 2123 1245 2185 exerci-

278 2202 358 2291 tiuni
377 2202 568 2283 pulcherrime
589 2202 783 2277 adiunxerat,
804 2222 913 2281 magna
932 2201 1061 2282 profesio
1080 2201 1178 2264 feracis
1200 2203 1248 2263 in*

300 2282 361 2342 enir
385 2281 514 2346 ubertate
540 2306 549 2355 3
579 2303 612 2343 ae
641 2282 799 2343 admodum
830 2280 990 2343 adolescens
1018 2301 1071 2361 pro
1092 2281 1246 2361 Alphonso

277 2303 364 2422 iane
391 2362 427 2423 ad
448 2363 612 2423 Adrianum
640 2362 815 2423 Orationem
837 2361 938 2425 habuit
958 2402 968 2436 ,
991 2380 1051 2441 qua
1069 2380 1188 2422 aureum
1208 2361 1246 2422 il·-

279 2440 330 2501 lud
352 2439 466 2503 dicendi
489 2441 598 2503 flumen
619 2442 767 2521 pollicitus
786 2438 873 2515 fuit,
903 2439 1105 2521 quoddeiude
1126 2439 1247 2506 influxit

278 2520 310 2579 in
331 2541 441 2596 aureS,
470 2523 502 2583 ἃ
524 2523 631 2584 mentis
658 2519 816 2602 penetralia
836 2519 935 2596 iulii,
964 2519 1129 2595 Marcelli,
1158 2521 1248 2587 Pauli

279 2600 449 2690 utriusque,
470 2603 594 2675 Caroli,
615 2600 784 2674 Francisci,
806 2600 950 2673 Henrici,
972 2599 1126 2741 Philippi,
1148 2600 1250 2665 Maxi.

279 2679 421 2755 miliani,
455 2681 631 2771 Senarusque
655 2680 788 2755 Veneri,
809 2700 876 2742 cum
905 2679 941 2741 ad
968 2679 1022 2741 hos
1070 2679 1193 2762 rincipes
1213 2682 1247 2745 se

278 2759 436 2836 eontulit,
457 2761 646 2823 &cumillis
664 2778 728 2822 tum
744 2760 894 2840 publicum
909 2790 924 2835 ‚1
943 2776 1007 2821 tuni
1024 2761 1173 2859 privatum
1190 2763 1248 2825 ser-

277 2861 399 2907 monem
423 2839 508 2902 fecit.
538 2845 636 2922 Atque
660 2841 720 2903 haec
742 2842 861 2922 quidem
885 2843 962 2923 pacis
984 2858 1114 2921 tempore
1136 2862 1145 2911 3
1174 2840 1247 2906 belli

278 2937 383 2985 autem
399 2942 434 2982 eo
456 2921 547 2990 major
569 2919 677 2994 evasit,
692 2940 752 3000 quo
774 2923 871 2983 minus
893 2920 1026 3001 prospera
1046 2920 1110 2981 usus
1133 2921 1172 2984 est
1188 2922 1248 2985 for·

277 3017 371 3063 tuna.
402 3000 461 3062 Ubi
483 3002 562 3060 enim
590 3015 702 3059 creatus
730 2998 769 3059 est
790 3000 826 3064 ab
856 3000 983 3060 Henrico
1014 3001 1145 3074 Prorex,
1174 3002 1248 3065 &a

278 3081 377 3144 Paulo
407 3084 552 3157 Quarto,
580 3081 717 3158 Regeque
746 3078 808 3156 ipso
836 3099 936 3140 eorum
958 3078 1096 3138 exercitus
1117 3076 1248 3169 Impera-

278 3176 354 3238 tor,
376 3161 519 3222 eontinuo
536 3175 600 3220 orta
617 3159 718 3218 Romae
735 3155 862 3219 diffidis,
889 3157 937 3217 Ad
959 3156 1088 3217 sancium
1109 3157 1247 3231 Quintii-
1273 3195 1275 3204 ι

275 3262 355 3305 num
384 3240 580 3303 Momorantii
602 3237 691 3316 copiae
719 3237 876 3316 oppressae3
904 3236 935 3297 δι
955 3237 1022 3299 Dux
1051 3237 1147 3297 noster
1168 3238 1247 3299 solus
1319 3306 1320 3310 ,

276 3322 364 3403 quast
381 3322 413 3382 in
428 3320 562 3382 manibus
578 3314 768 3399 potentissimi
784 3317 888 3379 hostis.
905 3317 986 3376 Nam
1002 3316 1170 3379 Franciseus
1188 3320 1249 3380 Lo·

278 3402 451 3483 tharingius
471 3403 629 3474 cohortes,
651 3398 682 3465 δι
702 3398 892 3477 equitatum,
912 3395 1016 3477 quibus
1034 3395 1188 3476 inopinata
1202 3416 1249 3461 ce-

276 3478 398 3546 leritate
427 3480 676 3561 admirationeque
702 3477 867 3542 incredibili
888 3476 991 3547 Graias
1012 3476 1126 3556 Alpes,
1149 3479 1179 3539 δι
1207 3479 1250 3537 A·

277 3563 449 3641 penninuiu
477 3562 508 3623 su
545 3575 681 3635 caverat,
708 3558 788 3629 iubet
814 3558 930 3639 magnis
961 3555 1114 3618 itineribus
1143 3559 1175 3619 in
1205 3554 1251 3644 ul·

281 3645 427 3706 teriorem
457 3641 487 3703 G
529 3643 587 3702 iam
616 3639 814 3711 contendere,
842 3657 930 3721 quain
951 3638 1127 3698 celeritatem
1157 3637 1254 3711 Regia

280 3738 330 3785 tes
361 3720 482 3783 adversa
518 3724 648 3783 maxime
684 3719 870 3799 postulabar.
908 3717 1015 3804 Itaque
1040 3712 1172 3774 Pontifex
1199 3711 1252 3776 sibi

276 3796 383 3869 subito
411 3799 557 3880 Hispanos
577 3799 740 3870 conciliat3
770 3798 937 3942 gabelus,
965 3813 1017 3877 qui
1038 3791 1170 3866 Insubres
1191 3808 1253 3871 pre·

599 3914 601 3917 >
834 3898 849 3960 ς
1153 3892 1212 3935 me·
