3034 4559
303 458 307 467 ⁴
349 458 405 523 126
443 446 460 493 -’
506 448 1069 543 υῖενιτΑΝυΑ,Ατρσε·
1106 475 1110 482 ·

305 540 429 616 munit,
456 555 509 602 aut
527 538 611 601 certis
632 536 762 599 obicibus
783 538 843 600 alio
862 536 990 601 fluminis
1011 540 1156 618 impeturn
1178 553 1261 611 avere

303 622 342 683 tit
359 665 367 680 .
387 622 496 683 Fontes
517 635 627 692 autem,
639 618 714 681 unde
735 617 788 682 illa
807 617 899 679 animi
921 618 1099 699 perturbatio
1121 632 1257 691 emanet,

300 700 398 841 plures
418 700 508 774 sunt,
537 697 582 761 sed
604 716 678 760 unus
700 699 724 759 is
742 698 783 761 est
806 698 989 837 praecipuus,
1012 697 1136 765 iniuria.
1157 696 1257 777 Siqui-¹

321 780 424 840 emita
444 781 486 839 ira
507 776 660 853 definitur,
681 794 715 839 ut
734 777 769 840 sit
788 776 810 839 li
831 777 880 838 ido
900 777 992 837 animi
1008 776 1070 845 ejus
1092 776 1257 855 puniendi,

300 858 353 941 qui
372 857 463 921 lallll'e
484 856 619 921 videatur
640 857 767 926 iniuria.
797 858 862 920 Hac
889 856 981 938 igitur
1001 876 1060 918 una
1080 853 1192 918 offensa
1209 854 1258 916 deu

301 938 414 1011 vitata,
435 956 552 999 onmem
569 939 618 1000 ira
632 953 748 999 motum
765 936 957 1000 devitaveris.
978 934 1014 996 In
1037 934 1140 1008 primic
1160 950 1257 996 autern

298 1016 382 1083 nulla
404 1015 510 1087 iniuria
530 1016 720 1080 existimanda
739 1016 810 1094 est,
840 1016 922 1086 cujus
943 1014 1059 1096 culpam
1080 1013 1134 1094 ipsi
1154 1012 1259 1098 prasii·

299 1097 446 1157 terimus.
474 1096 623 1178 Siquidem
652 1116 687 1157 ea
714 1096 797 1157 nulla
816 1096 923 1165 injuria
944 1094 1075 1157 habenda
1095 1092 1167 1167 est,
1194 1112 1257 1175 qua

299 1176 397 1238 nostro
417 1176 524 1238 merito
544 1175 630 1239 nobis
651 1174 790 1239 infertur,
813 1175 917 1256 Ergo,
938 1174 958 1236 si
978 1194 1038 1237 non
1061 1172 1191 1247 iniuria,
1210 1193 1258 1237 ue·

319 1271 354 1316 ue
373 1255 520 1331 dolenda,
548 1275 642 1337 neque
660 1256 776 1337 digna,
806 1271 840 1319 ut
862 1253 994 1318 inserenti
1017 1251 1253 1325 succenseamus3

296 1275 317 1394 li
337 1354 406 1395 vero
425 1350 528 1425 prater
546 1355 665 1399 omnem
687 1335 813 1399 nostram
834 1334 949 1416 culpam
970 1330 1126 1403 evenerit,
1160 1331 1255 1413 magii

296 1412 328 1474 id
349 1413 485 1477 solatium
503 1458 513 1490 ,
532 1435 622 1509 quain
645 1416 750 1487 injuria
771 1414 941 1500 appellanda
963 1412 1002 1476 esi
1020 1455 1031 1485 ,
1051 1411 1173 1500 quando
1186 1432 1254 1501 'earn

295 1492 374 1556 resia
394 1494 586 1569 conscientia,
607 1516 666 1558 non
688 1512 786 1560 autem
807 1516 842 1558 eit
862 1493 1008 1557 inserentis
1029 1507 1143 1551 ratione
1163 1490 1254 1553 dime-

295 1572 345 1633 tiri
367 1572 527 1635 debemus.
555 1576 599 1639 Ut
618 1577 734 1666 Scipio,
768 1576 819 1657 qui
847 1573 885 1635 ab
903 1593 936 1633 ea
956 1569 1143 1651 Republica,
1172 1570 1252 1641 cuius

293 1651 341 1713 Irn
364 1652 425 1714 erio
452 1655 567 1717 tertiam
596 1652 685 1717 Orbis
714 1671 825 1734 partein
854 1650 1007 1722 subiecerat
1032 1694 1041 1725 ,
1070 1650 1101 1710 in
1129 1648 1250 1713 exilium

291 1672 390 1793 misus
411 1732 475 1807 est,
503 1734 614 1814 inquo
635 1733 725 1794 irase
744 1732 855 1815 gessit,
882 1745 916 1793 ut
936 1730 956 1794 fi
976 1729 1107 1814 princeps
1128 1728 1248 1798 Senatui

290 1809 324 1871 in
345 1810 424 1871 Urbe
445 1812 607 1887 mansisset,
634 1813 727 1874 larius
756 1832 816 1875 non
844 1810 969 1891 egisstt,
995 1811 1066 1891 quia
1086 1828 1151 1871 earn
1174 1810 1248 1881 inju·

288 1889 364 1949 riam
392 1889 469 1951 nihil
497 1890 533 1953 de
561 1890 611 1954 sua
661 1891 733 1952 lotia
763 1890 813 1953 fibi
841 1889 991 1952 detrahere
1019 1886 1184 1963 sentiebat,
1213 1904 1248 1954 ut

287 1986 378 2051 quam
398 1968 606 2054 iniquissimam
635 1912 685 2033 sua
712 1969 889 2034 conscientia
916 1967 1083 2050 pendebat3
1113 1968 1176 2033 imo
1197 1988 1246 2030 ver

288 2066 321 2110 to
340 2067 376 2110 eii
395 2068 454 2131 qua
474 2070 534 2112 non
556 2051 653 2112 minus
673 2050 833 2132 gloriosum
863 2050 952 2113 trium
974 2049 1070 2122 hum,
1119 2068 1188 2111 uani
1210 2066 1244 2114 et

290 2126 406 2189 devicta
425 2126 524 2190 Africa
554 2130 660 2192 duxille
688 2130 830 2201 judicatus
853 2130 916 2192 est.
944 2070 1030 2193 gene
1051 2148 1087 2189 eir
1128 2148 1161 2190 ac
1181 2128 1244 2209 glo·

285 2206 331 2270 ria
350 2208 447 2271 nullus
467 2208 537 2272 liuic
555 2210 721 2285 Centurio,
750 2210 846 2275 nullus
875 2210 985 2282 miles,
1013 2206 1112 2272 nullus
1134 2208 1243 2269 exerti*

284 2303 358 2361 tus,
385 2288 467 2350 nulla
495 2290 625 2357 locorum
655 2291 758 2353 melior
786 2291 891 2364 ratio,
920 2289 1001 2350 nulla
1028 2288 1154 2370 denique
1183 2286 1240 2348 sor·

285 2379 358 2427 tuna
376 2368 534 2456 quicquam
563 2369 711 2451 decerpsit.
740 2371 852 2434 Totam
872 2390 936 2432 eam
959 2368 1009 2429 sibi
1029 2368 1173 2448 integram
1196 2366 1245 2427 ha·

285 2444 374 2519 buit,
397 2468 431 2512 ac
451 2450 592 2533 quamdiu
611 2450 700 2512 litera
722 2449 890 2530 vigebunt,
919 2447 1031 2510 tamdiu
1051 2446 1103 2507 illa
1123 2444 1246 2525 peisrue·

284 2539 335 2589 tur
356 2546 366 2595 3
393 2527 465 2608 quia
485 2528 543 2590 Vir
562 2528 797 2610 prudentiffimus
816 2527 891 2587 nihil
916 2524 1026 2586 adversi
1045 2524 1096 2585 fibi
1117 2524 1244 2586 accidisse

282 2603 428 2686 putabat,
449 2625 543 2686 neque
561 2606 702 2669 virtutem
724 2628 759 2665 eit
780 2605 909 2677 meritis,
926 2604 970 2663 sed
993 2603 1104 2672 exejus
1125 2604 1187 2663 sola
1202 2604 1244 2666 di·
1262 2677 1265 2682 ἕ

281 2683 396 2761 gnitate
424 2682 652 2762 compensabat,
680 2686 710 2743 in
732 2703 790 2745 una
810 2684 861 2745 sua
878 2682 1076 2753 conscientia,
1097 2700 1188 2760 quam
1213 2705 1244 2744 o·

280 2760 375 2842 ptime
403 2759 430 2820 se
450 2760 604 2842 praestitisse
632 2760 760 2835 sciebat,
788 2762 853 2826 late
879 2758 1095 2840 conquiescens.
1125 2759 1242 2825 Contra

280 2856 350 2898 vero
378 2836 578 2912 Coriolanus,
606 2840 658 2920 qui
686 2840 747 2921 pari
769 2842 883 2904 ratione
901 2861 919 2900 a
950 2838 1005 2899 suis
1027 2836 1150 2902 Civibus
1172 2840 1240 2904 affe·

279 2914 369 2991 elur,
397 2916 530 2978 adversus
552 2939 601 2979 eos
620 2939 700 2981 arma
721 2920 834 2996 sumit,
862 2918 1007 2981 obsidione
1036 2920 1157 2998 cingit,
1185 2922 1239 2983 Le·

276 3014 362 3089 gatos
383 2996 419 3059 ad
440 2996 468 3058 se
496 2997 532 3058 dc
553 3018 621 3083 pace
648 3000 743 3064 missos
763 3000 838 3065 nihil
868 3000 965 3065 audit.
994 3000 1128 3062 Tantum
1158 3000 1234 3061 eninr

276 3076 383 3146 iniuria
405 3078 436 3138 in
457 3077 548 3142 animi
568 3078 710 3144 radicibus
731 3080 905 3156 inheserat,
933 3095 966 3142 ut
988 3078 1040 3139 nisi
1061 3099 1119 3140 una
1140 3079 1236 3141 vindi·

277 3156 324 3217 fra
345 3157 431 3219 evelli
454 3158 559 3238 posset.
581 3159 628 3220 lta
650 3160 798 3224 Salinator
816 3162 948 3246 iniquam
971 3158 1050 3219 suam
1071 3159 1234 3222 damnatio·

273 3256 343 3296 nem
365 3236 391 3295 se
411 3236 626 3302 vindicaturum
648 3242 777 3302 minatus
798 3241 855 3322 esi,
872 3260 938 3303 cum
958 3237 1052 3299 Fabio
1072 3238 1233 3321 respondit,

275 3314 304 3375 se
326 3331 377 3376 aut
397 3314 433 3375 de
453 3317 532 3379 hoste
558 3319 638 3381 visio
658 3320 808 3401 gloriam,
835 3336 887 3381 aut
905 3320 941 3381 de
960 3318 1017 3380 suis
1038 3318 1162 3380 Civibus
1191 3317 1231 3379 su·

272 3394 380 3484 peratis
410 3395 551 3484 gaudium
580 3400 632 3460 elle
654 3416 895 3480 reportaturum,
923 3396 1043 3478 quisi,
1071 3413 1104 3458 ut
1132 3398 1227 3477 Scipio

272 3490 471 3536 innocentiam
499 3475 581 3536 suam
611 3479 764 3541 iracundia
784 3477 973 3551 objecissent,
1002 3477 1098 3537 multo
1128 3479 1228 3539 reditis

273 3553 311 3613 ab
331 3553 466 3616 omnibus
495 3554 601 3620 saeculis
621 3558 774 3624 audissent.
801 3561 899 3632 Quare
920 3574 1044 3637 utroque
1072 3558 1161 3618 modo
1182 3576 1229 3617 no·

273 3632 316 3694 bis
339 3634 414 3694 nihil
442 3633 597 3695 dolendum
627 3637 682 3697 est.
711 3637 746 3695 ln
768 3636 860 3697 altero
889 3636 966 3697 enim
997 3637 1092 3717 magis
1113 3638 1228 3716 culpam

272 3713 398 3772 nollram
421 3713 574 3788 accusare,
602 3736 690 3796 quam
713 3717 854 3776 damnum
881 3713 1015 3777 inserenti
1046 3716 1125 3778 irasci
1149 3716 1228 3779 debe·

271 3809 337 3861 iiius
355 3813 365 3863 3
386 3794 416 3852 in
439 3793 531 3854 altero
551 3794 660 3870 lactari,
676 3796 753 3876 quod
777 3796 859 3858 omni
876 3796 937 3867 eius
957 3796 1057 3858 damni
1076 3797 1166 3879 culpa
1180 3816 1229 3858 va·

1146 3900 1193 3941 ca·
