3034 4559
326 502 393 513 ,,
489 427 1074 505 ‘'E'PISTOLA..
1171 462 1230 529 ιη

308 517 384 585 rium
411 523 509 586 Arene
528 539 612 585 natos
622 522 658 585 ab
677 522 731 585 hac
752 523 903 606 perillustri
914 525 1081 606 Principum
1103 523 1266 593 Ellensrum

307 601 480 685 cognatione
501 604 648 679 excludo,
676 604 746 665 dum
772 604 846 664 addo
866 603 1027 680 Comites,
1046 605 1233 670 Marchiones
1259 647 1273 685 ,

308 685 403 775 Duces
420 705 429 755 3
452 699 482 744 at
498 684 697 775 Hippolytum
719 683 866 746 Ellensem
886 684 1074 778 Cardinalem
1090 730 1100 759 ,
1119 686 1266 826 ⁸sprltellis

304 763 1268 924 illlilllflnlmlllla’oelle“llillrdlffnlleiplillud3

303 920 403 983 Caroli
428 924 534 998 Quinti
555 924 743 1005 Imperatoris
765 923 966 1001 Praefeslum,
996 923 1169 990 Leonellum
1190 942 1264 989 vero

303 1001 505 1064 Marchionem
523 1024 531 1074 3
554 1004 599 1065 sed
617 1004 744 1068 Borsrum
762 1050 771 1081 ,
791 1004 975 1079 Herculem,
997 1004 1028 1066 dc
1044 1003 1229 1086 Alphonsum
1246 1049 1266 1083 4

302 1079 438 1143 Ferrariae
458 1084 553 1143 Duces
571 1093 729 1147 vocarem.
760 1090 878 1147 Annam
899 1104 1018 1167 quoque
1036 1084 1200 1166 Principem
1222 1085 1267 1168 E<

300 1162 445 1242 llensem,
474 1164 600 1253 Regiam
622 1187 656 1227 ue
678 1165 844 1227 Foeminam
864 1165 1014 1237 dicerem,
1042 1165 1079 1226 ab
1099 1166 1158 1227 alia
1175 1164 1275 1240 huius'

300 1242 429 1302 nominis
457 1243 578 1305 muliere
600 1187 700 1308 liteste
725 1262 800 1312 nata
819 1244 998 1307 excluderem
1028 1242 1136 1322 [hunc
1161 1261 1262 1307 tamen

299 1318 434 1396 Virum,
462 1323 514 1404 qui
530 1323 737 1387 eruditissimus
763 1327 827 1399 est,
851 1325 951 1387 docere
967 1323 1089 1398 nolim,
1117 1345 1185 1385 cum
1206 1324 1260 1387 fim

297 1396 576 1483 Hilloriographus‚
597 1427 656 1467 non
672 1405 735 1467 ludi
751 1406 904 1485 magister,
925 1402 1035 1465 etiamsi
1057 1403 1086 1463 id
1107 1403 1190 1464 enixe
1205 1423 1264 1482 po·,

296 1477 397 1541 llulet.
418 1480 429 1559 ]
451 1481 693 1547 Commemoravi
714 1486 870 1566 privilegia
890 1481 1061 1556 Pontificio,
1082 1481 1112 1542 &
1130 1481 1259 1562 Impera-

295 1560 372 1620 toria
392 1560 476 1619 annis
498 1561 603 1625 abhinc
624 1564 762 1626 sexcentis
784 1563 893 1645 viginti
913 1562 981 1624 odio
1001 1560 1183 1642 Principibus
1204 1571 1266 1622 tro-¹

293 1638 355 1697 liris
377 1638 429 1699 sub
448 1638 562 1702 «Ellenst
578 1646 754 1725 cognomine
766 1645 902 1707 :concessa
918 1663 927 1714 3
955 1643 1008 1725 qui
1023 1641 1169 1721 Principes
1185 1640 1205 1701 fi
1226 1640 1258 1701 se

291 1717 437 1806 Atestios,
461 1740 521 1781 non
534 1721 670 1786 'Estenses
690 1724 886 1806 appellarent,
906 1741 1030 1798 vereor,
1050 1740 1088 1782 ne
1110 1719 1256 1811 ajuribus

292 1795 341 1856 llbr
362 1798 494 1859 concessis
517 1817 569 1863 aut
588 1802 745 1876 caderent,
777 1821 828 1867 aut
848 1801 946 1866 cadere
967 1800 1095 1883 pollent.
1114 1800 1253 1864 Peroravr

291 1891 326 1935 err
342 1877 532 1941 Diocletiana
554 1882 642 1966 Legis
660 1883 833 1960 inustione,
851 1905 915 1966 qua
930 1898 1073 1957 cavetur,
1093 1882 1258 1961 unicuique

290 1954 375 2017 licere
397 1957 590 2036 Pranomen,
619 1964 772 2039 Nomen,¹
785 1964 817 2026 δι
838 1964 1012 2046 Cognomen
1033 1962 1125 2037 suum
1138 1978 1252 2023 mutare

290 2033 395 2118 absque
416 2038 538 2109 alicujus
561 2043 815 2114 tamenrinjuriu
844 2063 903 2125 qua
922 2043 1070 2106 decuulla
1091 2041 1185 2119 plures
1209 2060 1251 2100 re·

290 2115 344 2177 tuli
364 2119 512 2199 proprium
536 2141 643 2182 nomen
660 2122 805 2197 mutasse,
828 2143 880 2183 nec
895 2121 1011 2182 homini
1027 2120 1135 2180 Latino
1153 2120 1250 2207 impu·

289 2194 484 2337 tandumflelle
500 2199 578 2275 dixi,
599 2200 620 2261 fi
636 2201 708 2263 velit
724 2200 857 2263 barbato.
868 2201 989 2262 nomine
1005 2241 1014 2273 ,
1037 2197 1084 2261 vel
1101 2216 1254 2278 cognomi·

286 2289 358 2335 nea
398 2281 494 2340 eari.
592 2306 594 2312 ·
644 2305 656 2316 ··
825 2315 828 2320 >
960 2335 964 2348 .

328 2296 401 2418 Hiel
417 2360 551 2421 omnium
578 2360 691 2422 summa
706 2357 746 2421 est
763 2363 785 2435 ,Ἀ
804 2377 867 2443 quae
882 2379 972 2434 manu
988 2374 1055 2418 mea
1070 2368 1186 2417 exarata
1202 2352 1251 2418 isti

287 2435 364 2497 Viro
381 2436 504 2518 legenda
513 2439 776 2521 tradidit'Baptilld
792 2440 948 2502 Saracchus
965 2459 984 2498 a
1002 2434 1117 2508 sectetis
1136 2434 1248 2496 Princi-

284 2515 329 2656 {⁸
346 2516 460 2592 nostri„
483 2542 549 2581 curn
566 2521 670 2601 prelo,
694 2535 727 2581 ut
743 2521 822 2595 dixi,
840 2519 1023 2582 committere
1038 2535 1097 2578 non
1112 2514 1218 2595 possem
1237 2557 1249 2578 0

313 2616 354 2675 go
374 2602 592 2680 quoqueAnnae
612 2600 857 2681 Ellensilltincipi
881 2596 1096 2670 illustrissimis,
1116 2592 1250 2674 Gypsio,

284 2675 454 2739 Alexandro
475 2680 607 2742 Guarino
625 2728 634 2759 ,
654 2681 868 2744 Bartholomaeo
889 2676 1052 2759 Prospero,
1072 2673 1250 2765 samchfla

282 2755 419 2836 Cynthio
440 2760 547 2832 joanni
568 2761 701 2844 Baptissae
717 2810 726 2841 ,
742 2761 894 2843 'Lilioque
913 2758 1058 2840 Gregotio
1073 2753 1218 2844 ,(Ξγῖᾶῗῲδ
1236 2795 1250 2829 a

283 2836 439 2900 Ludovico
459 2839 554 2918 Cato,
576 2835 713 2927 Prospero
727 2844 865 2916 Parem,
886 2840 931 2902 Μ.
946 2838 1086 2902 Antonio
1110 2840 1252 2927 pintima«,

280 2915 365 2991 cho,
389 2917 529 2980 &Fabio
550 2922 655 3001 Filio,
676 2924 829 2990 Francisco
850 2922 944 2983 -Porto
960 2921 1074 2983 Giaecas
1097 2915 1193 2977 literas
1214 2934 1245 2975 a·

278 2993 342 3076 pud
360 3013 420 3057 nos
430 2999 543 3088 publice
559 3001 723 3083 profitenti,
742 3002 851 3075 Jacobo
867 2999 1015 3071 Acciajolo
1031 3043 1040 3073 ‚
1061 2996 1175 3064 Comiti
1190 2994 1245 3054 Al·

277 3074 572 3160 phonsoBrvilaeho‚
593 3082 708 3146 Comiti
724 3084 804 3156 Julio
819 3084 955 3158 Sacrato,
975 3073 1244 3165 FerdinapdoTro-

278 3155 343 3236 tio,
366 3155 517 3237 Alphonso
539 3153 942 3244 Bonaciold‚'n'cnnullisqne
962 3159 1027 3223 aliis
1049 3174 1168 3226 amicis,
1183 3171 1241 3234 que

277 3235 406 3315 epistola
427 3236 506 3299 dotli
528 3240 603 3306 Viri.
619 3241 703 3313 liuius
726 3242 923 3326 reposueram‚
944 3242 985 3303 &1
997 3235 1135 3326 legenda,
1157 3231 1242 3309 &102

277 3316 479 3380 'coenoscenda
501 3319 624 3381 tradidi.
727 3365 729 3371 -
830 3333 835 3342 '
1035 3342 1059 3354 ··

315 3362 377 3455 tled
401 3413 433 3458 ut
456 3419 516 3460 rem
535 3419 593 3462 acu·
606 3401 707 3483 tangas
719 3407 782 3478 521¹st
799 3401 906 3477 alonte·
918 3402 1025 3474 Leuce
1037 3391 1242 3483 erudirisfimet

275 3472 369 3550 scito,
392 3473 470 3539 hunc
487 3479 595 3542 Virum
614 3480 663 3542 sua
684 3482 731 3546 vel
743 3482 950 3558 humanitate,
964 3481 1141 3543 ·vel‘murua
1155 3473 1239 3537 samr-

274 3553 422 3631 liaritate,
444 3577 509 3697 pure
525 3559 559 3622 de
575 3559 704 3623 Consilio
719 3562 877 3644 Principis,
896 3558 1155 3625 de-ulbtavanellio
1172 3600 1188 3631 ,.
1201 3553 1239 3615 de

275 3633 421 3711 Ferrino,
465 3659 481 3697 e
497 3639 652 3703 Gallorum
671 3644 715 3703 Re
737 3664 752 3702 e
771 3642 960 3724 typographis
978 3639 1171 3720 imprimenda
1180 3654 1241 3700 tra·

273 3712 406 3790 diderat,
427 3717 503 3777 mihi
519 3720 689 3787 jamdudum
707 3663 785 3784 dimo
802 3717 919 3784 dedisse⁴
941 3719 1095 3808 Sperabam
1104 3719 1237 3810 itaque,

272 3792 350 3856 hanc
375 3795 526 3878 epistolam
548 3799 637 3864 abeo
661 3821 710 3865 me
726 3801 969 3944 conseculturuzm,
988 3798 1145 3885 prasertim
1158 3816 1236 3941 elim
