3034 4559
301 472 361 517 rra
609 455 635 515 0
654 457 682 515 R
700 459 730 515 A
750 455 781 514 T
800 453 816 513 l
833 453 862 513 0

254 535 302 601 nis
323 534 425 611 ratio,
452 556 547 619 neque
566 536 722 597 Gallorum
744 535 848 616 Regi,
876 553 896 593 n
934 552 970 594 ue
988 531 1101 596 Catolo
1120 527 1226 603 adiun-

256 616 332 686 623
360 617 478 700 utrique
498 631 596 677 tamen
618 614 791 694 gratissima.
822 549 1036 685 Addeebulium
1056 615 1225 685 Tertiumr

255 695 332 758 adde
352 696 578 777 potentissimum
599 695 754 755 Florentia
775 692 988 762 Ducem3adde
1008 692 1158 754 finitimos
1177 710 1224 755 tu·

257 776 388 837 multus.
410 774 524 851 Quibus
544 792 604 835 tem
645 773 722 835 ribus
742 794 811 836 cunr
833 789 912 833 totus
937 787 1078 833 terrarum
1108 772 1225 849 Orbis,

257 854 291 916 dr
312 853 491 935 potissimum
512 870 576 916 tota
612 855 683 915 talia
701 853 778 915 bello
798 852 944 913 exarderet
961 870 970 922 ;
989 872 1057 913 curn
1076 853 1227 914 Hetruriae

257 933 394 994 flammas
422 935 482 1014 ipse
502 934 538 995 de
568 933 625 994 suis
645 936 868 1014 Apenninorum
896 931 993 992 castris
1015 931 1143 1012 spes'rare
1164 931 1228 1013 pos·

258 1012 302 1074 set
324 1032 333 1083 3
352 1030 420 1074 cum
441 1015 544 1074 Parma
563 1013 595 1075 dc
617 1013 785 1074 lllirandula
814 1013 1038 1095 circumquaque
1061 1029 1229 1091 premeren-

257 1104 333 1165 tur,
361 1109 392 1154 at
414 1114 450 1154 ue
471 1094 557 1155 hostis
586 1093 675 1173 igni,
705 1092 835 1173 serroque
863 1111 948 1173 agros
977 1090 1131 1162 vallaret;
1159 1107 1228 1153 erun

257 1186 377 1232 tantum
392 1114 611 1255 ql'ransptrdanae
630 1192 685 1233 ora
707 1171 873 1232 incendium
901 1172 933 1232 in
953 1170 1030 1231 tesia
1052 1172 1152 1233 nostra
1174 1172 1231 1231 im-

258 1250 422 1389 plenderet,
443 1270 476 1315 ut
499 1273 591 1333 neque
611 1252 774 1331 Cispadana
802 1250 838 1311 ab
859 1250 919 1330 ipso
941 1250 1019 1314 Pado
1041 1249 1206 1312 servaretur
1219 1281 1241 1327 ,¹

292 1333 394 1392 esculis
415 1334 477 1393 veri
506 1332 698 1392 monstrorum
720 1331 873 1391 domitoris
903 1330 1013 1390 virtute
1033 1350 1096 1389 non
1118 1329 1232 1391 incolu-

259 1429 323 1470 mes
354 1411 475 1487 solum,
504 1412 549 1472 sed
576 1413 612 1473 de
633 1432 712 1472 more
743 1411 840 1471 Patrio
870 1410 902 1469 in
923 1408 1015 1469 libero
1035 1426 1228 1471 externorum

260 1494 464 1568 commercio,
483 1493 514 1552 in
535 1491 628 1553 solitis
650 1491 798 1551 literatum
820 1488 944 1562 studiis,
972 1491 1003 1547 in
1025 1509 1129 1549 annua
1149 1489 1231 1551 ludo-

262 1587 330 1631 rum
359 1572 535 1633 recreatione
564 1571 648 1644 tuti,
676 1587 765 1651 atque
785 1567 881 1629 felices
911 1566 1139 1629 exultabamus.
1168 1570 1232 1630 Hac

261 1665 362 1711 autem
383 1650 477 1712 Civili
500 1651 652 1731 prudentia
672 1650 719 1710 hic
741 1646 971 1728 prudentiffimus
994 1648 1136 1728 Princeps
1167 1649 1234 1709 Ma·

264 1728 399 1810 gislratus
422 1730 576 1809 optimos,
598 1729 629 1791 δι
651 1729 687 1789 ad
707 1728 847 1798 justitiam
870 1727 1050 1801 tutandam,
1070 1747 1165 1808 quam
1190 1742 1233 1787 to·

263 1825 297 1868 to
317 1808 418 1868 animo
437 1810 550 1868 colebat
571 1851 581 1883 ,
602 1806 691 1869 &ad
712 1827 805 1867 rerum
827 1806 981 1867 dubiarum
1004 1805 1233 1868 administratio-

263 1886 312 1950 nis
333 1886 576 1948 consultationem
605 1886 730 1949 creavit.
759 1887 936 1966 Gymnffir,
966 1888 1081 1949 vocatis
1104 1885 1234 1948 Philoso-

265 1966 350 2047 phia,
369 1965 600 2041 Juteconsultis,
623 1966 654 2027 δι
675 1965 826 2040 Mediis,
847 1967 899 2047 qui
922 1964 1032 2047 primos
1052 1966 1151 2028 Italia
1173 1966 1234 2047 sug⁴

262 2045 356 2126 gellus
378 2045 537 2120 tenebant,¹
559 2046 651 2108 erexit
673 2066 682 2115 3
703 2046 821 2126 superba
843 2045 936 2119 rebla,
957 2066 991 2106 ac
1010 2046 1146 2127 Templa
1166 2063 1233 2108 cou-

265 2125 397 2195 struxit3
424 2126 573 2199 collibus,
602 2125 771 2202 viridariis,
800 2125 992 2197 nemoribus,
1021 2126 1126 2200 rivis,
1148 2143 1234 2207 atque

265 2202 432 2274 hujusmodi
451 2206 575 2267 amoenis
593 2205 664 2266 locis
686 2222 747 2267 tam
765 2206 885 2285 pulchre
898 2203 936 2265 ab
952 2203 1007 2265 illo
1027 2204 1155 2268 aedificia
1171 2207 1232 2267 sunt

264 2284 424 2359 decorata,
444 2302 478 2347 ut
499 2301 602 2346 natura
624 2285 654 2345 in
675 2285 730 2345 hac
751 2286 869 2367 regione
892 2284 919 2345 se
948 2282 984 2344 ab
1005 2301 1070 2345 arte
1092 2284 1172 2347 fuisse
1193 2285 1233 2346 su·

265 2379 395 2444 paratam
420 2364 519 2446 sponte
538 2362 676 2426 fateatur.
698 2366 790 2425 Urbes
812 2364 842 2424 ἃ
863 2363 1007 2444 ampliora
1028 2364 1142 2440 castra,
1157 2362 1242 2447 quod·

262 2462 338 2523 opus
359 2442 410 2503 srbi
430 2465 483 2525 pro
504 2444 580 2504 rium
597 2443 794 2518 vendicabat,
815 2464 875 2504 non
893 2443 989 2503 minus
1011 2448 1177 2519 continuo,
1192 2459 1233 2504 at·

265 2540 323 2603 que
345 2522 458 2602 ingenti
479 2463 621 2603 pumptu,
650 2543 740 2604 quam
763 2544 778 2583 e
801 2525 902 2603 regie,
932 2524 963 2584 δι
982 2522 1136 2600 firmiter,
1157 2542 1232 2585 com·

264 2603 412 2663 munivit.
441 2605 539 2682 Atque
559 2602 626 2663 huic
646 2605 724 2681 pacis
745 2624 764 2662 ο
798 2605 844 2663 cio
867 2617 982 2664 morum
1005 2603 1163 2678 virtutes,
1191 2622 1231 2663 at·

266 2682 366 2759 resque
388 2680 517 2739 liberales
539 2680 713 2767 applicavit.
734 2680 806 2741 Erat
827 2682 905 2741 enim
927 2682 1188 2755 clementiffimus3
1202 2698 1232 2744 ut

264 2759 408 2838 aquirere,
423 2758 480 2817 sem
518 2778 533 2816 r
553 2758 696 2826 iudicabat
718 2760 878 2829 lenissima‚·
895 2778 958 2821 tum
979 2782 1052 2823 vero
1076 2764 1231 2844 pracipue,

266 2855 335 2897 cum
366 2844 453 2916 capio
487 2852 584 2896 urente
614 2837 757 2914 homine,
786 2840 838 2919 qui
860 2840 974 2902 insidias
1005 2842 1038 2900 in
1070 2863 1141 2903 eum
1165 2842 1230 2922 saepe

269 2914 456 2986 tetenderat‚·
475 2915 527 2977 etsi
549 2915 682 2977 adversus
703 2917 764 2987 eius
786 2934 890 2980 votum
911 2940 953 2981 res
976 2921 1106 2983 successit
1125 2944 1134 2994 ;
1151 2922 1232 2983 illum

268 2994 382 3056 salvum
405 2996 458 3055 esse
478 2995 590 3057 voluit.
610 2996 659 3057 Ab
675 2997 729 3057 hac
750 2997 930 3139 benipnitate
946 2998 1108 3062 affabilitas
1130 3002 1234 3072 disiun-

265 3075 315 3135 &a
333 3072 385 3135 esse
413 3095 473 3137 non
494 3091 631 3155 poterat,
659 3096 719 3159 qua
738 3077 812 3158 placi
835 3077 925 3139 iffime
953 3080 1018 3142 suos
1048 3080 1233 3153 familiares,

266 3175 303 3215 ac
323 3152 412 3216 Cives
434 3153 576 3230 sovebat,
598 3156 780 3240 hospitesque
800 3158 954 3238 recipiebat
974 3178 1035 3219 non
1056 3160 1118 3223 sine
1140 3162 1192 3221 illa
1206 3180 1235 3221 o·

267 3237 308 3295 ris
324 3236 470 3301 majellate
490 3256 523 3296 ac
543 3238 721 3311 venustate,
752 3257 811 3318 qua
833 3238 930 3318 priscis
951 3241 1136 3319 temporibus
1158 3239 1234 3316 Jupi-

267 3328 313 3373 ter
333 3330 393 3372 erat
420 3312 531 3375 effiflus
553 3335 562 3385 3
583 3336 683 3395 pmnes
713 3333 814 3378 autem
856 3318 912 3378 uafi
933 3320 1027 3379 aureis
1051 3322 1166 3383 catenis
1188 3317 1234 3380 fibi

265 3391 444 3467 devinam,
473 3393 505 3454 in
534 3413 623 3475 quam
652 3411 765 3475 partem
793 3417 824 3455 m
865 3412 917 3472 et,
958 3397 1056 3460 subito
1086 3400 1234 3462 trahebat.

266 3471 375 3552 Neque
395 3492 413 3532 a
433 3488 572 3554 perpetuo
598 3474 653 3537 hoc
673 3474 863 3537 amabilitatis
891 3477 973 3538 cursu
994 3479 1148 3543 recedebat
1171 3479 1237 3541 libe·

266 3550 386 3627 salitas,
401 3573 460 3613 non
481 3551 519 3615 ob
541 3554 649 3632 multos
671 3554 839 3616 muneribus
861 3556 980 3636 quidem
1001 3560 1114 3638 amplis
1135 3579 1237 3622 cumu-

266 3630 369 3709 latos,
398 3631 444 3693 sed
465 3633 634 3713 opportunis
657 3651 745 3715 atque
768 3633 910 3693 invidiam
941 3635 1165 3718 superantibus.
1194 3640 1235 3699 De

267 3711 491 3855 maqnificentia
511 3728 574 3771 tum
594 3712 712 3797 dontio,
726 3729 790 3774 tum
812 3710 881 3772 soris
903 3714 980 3776 clara
1000 3734 1092 3799 atque
1115 3717 1250 3801 augulis»

266 3792 320 3872 qui
359 3792 483 3877 angusto
503 3788 663 3854 turbulenti
685 3794 931 3873 hujus‘remporis
951 3796 1080 3860 articulo
1110 3817 1238 3862 comme·

1138 3898 1203 3940 mo-
