3034 4559
293 526 298 534 .
347 456 1054 531 comerrcrnoarnacuiuniir.
1096 486 1186 564 1270,

236 566 343 612 minus.
374 549 429 610 Sed
449 547 590 631 quoniam
613 566 673 608 non
696 545 795 627 agitur
821 565 888 608 cum
908 547 1039 637 perlectis
1060 546 1195 627 homini?

235 628 306 701 bus,
335 628 476 710 quicum
499 630 612 689 nullam
640 626 756 707 culpam
778 625 814 687 ad
836 627 971 698 injuriam
992 626 1188 708 accipiendam

230 708 405 782 attulerint,
425 728 460 769 ea
474 708 589 771 ratione
606 706 722 768 illatam
741 726 802 768 non
822 704 946 769 sentiant
967 728 977 779 3
996 724 1047 769 aut
1068 707 1088 768 si
1108 726 1187 772 attu-

230 788 341 863 lerint,
370 807 438 849 eam
458 787 509 848 fibi
536 787 589 868 ipsi
608 802 758 867 acceptam
786 784 937 858 reserant3
969 786 1029 848 istis
1058 790 1189 851 maxime

227 866 441 950 providendum
468 869 552 942 erit,
580 867 631 950 qui
655 865 733 928 secus
758 865 861 944 omnia
887 866 1085 945 imprudenter
1111 870 1187 931 acci·

170 1001 171 1006 ,
225 948 328 1030 pimit.
346 944 466 1017 injuria
482 948 591 1029 igitur,
606 945 685 1009 unde
704 945 838 1007 homines
899 945 1039 1008 tissimum
1060 947 1185 1010 irascun·

224 1041 293 1102 tur‚·
313 1026 374 1089 tria
391 1026 459 1089 sunt
478 1048 612 1110 generat
629 1046 739 1100 unum,
755 1024 838 1109 quod
874 1045 995 1088 aninum
1010 1046 1022 1098 3
1040 1026 1187 1105 alterum,

223 1106 300 1190 quod
318 1104 470 1181 dedecus,
489 1123 578 1189 atque
599 1106 752 1167 infamiam
768 1126 779 1177 ς
799 1106 946 1181 tertium,
970 1106 1051 1189 quod
1071 1123 1188 1170 utrum·

224 1207 277 1271 que
297 1183 401 1248 affert.
421 1188 493 1248 Hac
515 1203 614 1247 autem
636 1202 688 1247 aut
707 1185 744 1247 ab
764 1186 908 1261 homine,
929 1201 981 1247 aut
1000 1208 1020 1248 a
1037 1184 1187 1282 (οῐῐιιηα1

226 1286 257 1327 ac
275 1265 345 1328 casu
372 1266 488 1327 homini
508 1268 633 1326 maxime
657 1264 796 1327 insertum
824 1264 885 1341 Qui
905 1266 1000 1347 igitur
1015 1266 1071 1328 hac
1089 1268 1183 1331 animi

225 1344 421 1408 commotione
439 1366 536 1408 catere
548 1345 675 1407 voluerit
692 1343 814 1427 [omnes
831 1347 911 1405 enim
928 1345 1006 1407 velle
1017 1344 1185 1427 debebunt]

214 1426 327 1487 ‘omnia
347 1425 510 1516 prudenter
536 1425 679 1501 cavebit,
704 1440 791 1515 atque
812 1439 966 1513 tamquam
984 1444 1022 1486 etc
1041 1425 1105 1485 alta
1122 1426 1186 1505 spe·

224 1506 287 1567 cula
305 1525 408 1567 animo
436 1506 606 1568 collustrans
623 1550 637 1578 ‚
682 1525 727 1566 uar
745 1519 914 1584 ingruentia
942 1503 1021 1565 mala
1047 1504 1185 1581 viderit,

226 1600 257 1646 ut
275 1582 382 1645 melius
401 1586 510 1665 poterit
524 1630 538 1655 ,
554 1525 729 1646 declinarint.
748 1583 785 1643 In
806 1582 941 1664 conjugio
963 1584 1065 1645 multae'
1082 1583 1185 1647 caussae

226 1662 288 1725 sunt
304 1708 315 1739 ,
336 1663 526 1746 quamobrem
547 1664 680 1724 homines
697 1662 930 1725 excandescant«
954 1664 1015 1737 Qui
1032 1663 1115 1734 hujus
1136 1686 1184 1727 ra·

225 1739 279 1804 biei
298 1763 403 1825 expers
421 1744 472 1805 elle
493 1744 639 1819 voluerit,
654 1743 678 1805 is
698 1763 819 1804 uxorem
839 1764 875 1803 ne
894 1743 1029 1817 duxerit,
1045 1742 1182 1807 coelibem

226 1822 318 1884 vitant
337 1823 466 1901 t’iitetitr
485 1824 589 1903 Vulgo
607 1822 712 1885 ttitum
731 1822 772 1883 est
788 1867 800 1897 r
817 1822 971 1903 quotsewt‘
986 1866 1000 1898 ,.
1017 1840 1060 1883 tot
1071 1822 1181 1901 hostem

226 1901 272 2039 pul
298 1901 448 1965 servorum
469 1903 619 1985 perfidiam
645 1903 722 1965 ferte
739 1922 775 1964 ne
798 1902 933 1978 uiverit‚
959 1901 984 1963 is
1013 1902 1063 1963 fibi
1083 1904 1156 1966 adiit
1170 1948 1186 1981 ‚

240 2001 271 2042 ua
290 1983 354 2044 sola
375 2002 462 2063 opera
483 2000 599 2045 utatur.
627 1922 812 2043 inludendo
832 1983 958 2064 pecunia
978 1981 1092 2045 amillio
1114 2006 1182 2064 gra·

229 2060 296 2124 riter
315 2062 468 2124 hominem
487 2079 677 2133 commovet3
691 2063 744 2143 qui
765 2063 839 2123 hanc
856 2063 933 2122 iram·
950 2061 1049 2123 vitare·
1061 2064 1187 2144 cupiat}

231 2137 283 2204 isa
303 2140 377 2205 ludo
402 2142 430 2202 se
451 2142 482 2203 se
499 2142 657 2205 abstineatr
682 2142 744 2217 Qui
768 2161 822 2221 pet
839 2139 973 2203 tenebras
989 2142 1050 2203 iter·
1066 2140 1156 2205 saciat
1168 2188 1184 2218 ‚

232 2235 280 2295 ne,
300 2222 321 2282 si
340 2222 455 2303 uspiam
474 2221 626 2283 offenderit
646 2266 660 2296 ,
678 2221 849 2295 irascatur,
865 2236 920 2282 aut
936 2219 997 2281 diei
1017 2222 1111 2281 iucem
1131 2242 1182 2283 ex-

233 2300 369 2375 notabit,
390 2319 443 2366 aut
464 2322 578 2365 ceteunr
599 2300 650 2362 sibi
692 2300 822 2361 raelucere
836 2298 964 2369 jubebit.
980 2298 1012 2358 Si
1027 2300 1179 2366 Menelaus

233 2376 333 2442 vidisset
349 2380 497 2443 Helenam
515 2401 636 2443 uxorein
671 2398 739 2441 uarii
755 2377 816 2460 sua
825 2375 1042 2459 pulchritudine
1057 2399 1118 2441 non
1134 2381 1183 2442 so·

170 2483 180 2526 χ
234 2452 284 2519 lum
305 2460 420 2523 animos
444 2462 601 2524 hominum
623 2477 751 2539 rapere,
768 2457 816 2520 sed
839 2456 943 2519 seillis
963 2473 1083 2542 quoque
1117 2460 1181 2524 uasi

169 2537 185 2600 =i
233 2538 385 2618 rapiendam
409 2539 538 2617 offerre,
556 2561 615 2603 non
630 2540 694 2611 ejuc
708 2537 807 2614 Paridi
827 2552 942 2600 tantam
961 2539 1078 2619 copiam
1095 2479 1176 2602 iecis-

169 2613 186 2682 ’ἱ
232 2608 287 2702 stt,
305 2638 402 2702 neque
415 2636 481 2682 tota
493 2621 606 2683 Graecia
623 2619 719 2701 postea
734 2618 768 2679 in
783 2634 832 2680 tor
844 2616 1024 2679 miserrimos
1036 2619 1177 2682 decenna-

169 2693 184 2737 t!
232 2688 249 2752 Ῑ1
263 2697 313 2760 ἰΙΙο
332 2699 413 2761 bello
432 2700 528 2762 ludius
545 2699 705 2762 incidisset,
723 2698 898 2761 Prudentius
914 2693 1095 2770 secitJuliuc
1113 2699 1182 2761 C'ae-

169 2782 185 2832 ’ἱ
232 2768 289 2851 sar,
315 2798 385 2842 curn
407 2780 464 2842 sua
482 2780 523 2841 ob
548 2780 639 2842 solam
660 2778 793 2841 criminis
816 2778 1006 2859 suspicionem
1024 2779 1179 2861 repudium

169 2872 185 2902 ¹-
231 2855 318 2937 fuisit,
342 2877 404 2933 ne,
425 2860 539 2940 quoties
559 2860 618 2930 ejus
638 2858 708 2922 fatti
730 2859 762 2924 in
781 2875 913 2920 mentem·
931 2857 1049 2920 veniilet
1064 2905 1073 2936 ,
1088 2858 1180 2923 toties

169 2941 184 2994 ’ἶ
230 2946 253 2992 111
269 2956 336 2998 eam
357 2939 453 3001 acrius
473 2939 691 3002 incenderetur.
709 2937 781 3000 Coti
805 2940 956 2999 Thracum
974 2939 1052 3016 Regi
1069 2939 1175 3003 finilia

180 3025 184 3096 ξ
229 3014 302 3090 vasti,
314 3032 406 3100 atque
425 3019 539 3101 egregie
558 3018 637 3079 fasta
656 3018 737 3081 dono
754 3018 835 3079 milla
854 3016 986 3079 fuerantt
1002 3018 1077 3080 Haec·
1088 3013 1185 3091 Rex}

181 3107 184 3112 '
228 3106 252 3181 tt
266 3096 335 3158 satis
365 3118 466 3161 eorum
493 3119 568 3179 opus
587 3098 804 3178 contemplatur
830 3096 894 3171 est,
923 3113 954 3157 at
975 3117 1014 3159 ue
1039 3110 1071 3160 ut
1092 3100 1135 3160 Re
1156 3120 1177 3162 e

226 3166 412 3261 dignissimum
433 3177 594 3254 laudavit,
612 3199 661 3239 ma
682 3200 776 3261 naque
796 3177 916 3259 pecunia
936 3118 1002 3251 ilii,
1018 3178 1071 3261 qui
1089 3119 1159 3240 cai

180 3287 182 3292 ·
226 3242 247 3311 bi
263 3256 423 3333 attulerat,
441 3258 641 3329 dinumeram3
660 3200 715 3319 dua
734 3277 827 3319 manu
842 3258 872 3318 in
888 3273 997 3318 terram·
1017 3258 1172 3339 projiciens

178 3337 181 3414 j
225 3332 388 3397 minutatim
403 3338 558 3399 contrivit.
579 3339 780 3419 Interrogatus'
796 3380 808 3413 ‚·
833 3335 1024 3421 quamobrem
1044 3338 1075 3401 id
1094 3338 1176 3402 fecis·

225 3406 281 3489 set,
306 3416 463 3497 prudenter
476 3460 488 3492 ‚,
513 3435 604 3499 atque
620 3434 723 3499 argute
745 3417 895 3500 respondit
909 3436 920 3489 ς
946 3438 987 3480 ne
1001 3419 1125 3501 gravius·
1141 3420 1179 3482 in

176 3511 180 3584 '³
224 3506 263 3579 tos
281 3493 419 3571 saeviret,
439 3497 490 3581 qui
510 3500 606 3579 postea
626 3498 681 3560 suo
699 3497 783 3559 malo
798 3494 863 3560 fato
881 3497 937 3560 illa
953 3498 1173 3582 confregissent.

224 3568 303 3658 Quod
321 3575 420 3638 Pollio
441 3597 503 3639 non
522 3577 627 3653 vidit,
651 3579 705 3660 qui
723 3595 846 3669 puerum
866 3571 906 3639 oli
924 3577 993 3641 vasa
1017 3580 1087 3641 item
1108 3599 1170 3663 pre·

223 3651 286 3736 tiosa
304 3657 437 3718 contrita¹
463 3654 540 3725 jusiit
568 3658 701 3720 muraenis
727 3678 761 3718 in·
776 3657 920 3719 Piscinam
941 3663 1046 3720 vivum
1062 3657 1173 3717 demit·

172 3791 175 3808 ‚
222 3737 264 3802 11,
282 3736 336 3796 nifi
355 3735 504 3817 Augustus
522 3736 568 3797 illi
588 3736 687 3817 prauo
707 3734 852 3810 affuillet,
872 3738 1003 3819 quinon
1026 3735 1120 3798 solum
1134 3735 1174 3795 il·

170 3819 174 3910 ,³
222 3800 278 3872 ium
301 3814 470 3878 incolumen
494 3815 646 3893 servavit,
672 3814 719 3878 sed
747 3815 1011 3886 Piscioamretiam
1028 3815 1172 3961 coppleri

170 3921 172 3990 p
1034 3915 1065 3968 Ju
1089 3910 1129 3955 rt.
1216 3938 1219 3944 .
