3034 4559
417 477 420 484 .
519 428 548 489 L
583 429 601 487 Ι
637 430 665 487 Β
703 430 734 488 K
762 428 797 489 'R
859 429 871 487 1
878 432 895 488 1.
1112 454 1147 515 55

232 531 310 573 nram
333 510 532 579 constituunt3
555 509 586 569 in
623 508 704 568 uibus
715 507 940 588 Chrissophorue
960 510 1186 592 Longoliusmj.

232 593 259 652 hi
277 593 410 651 maxime
428 589 588 669 probatur.
634 586 744 669 raeclare
761 605 860 651 autem
877 589 939 669 agit
956 590 991 652 de
1007 592 1089 653 claris
1110 597 1184 658 Ora-

231 670 358 747 toribus,
379 690 440 751 quo
457 670 490 729 in
504 667 579 729 libro
592 667 697 748 cuique
717 667 748 728 ἃ
764 667 860 743 leudi,
881 668 912 730 δι
926 669 1027 744 virio,
1050 676 1128 753 qood
1144 678 1184 738 est

228 750 322 811 visum
339 794 349 821 ,
371 749 439 809 darc
456 769 516 808 non
533 746 647 808 dubitat
664 791 672 806 .
702 746 748 808 Eo
765 749 876 809 rarione
897 765 930 809 ru
947 749 983 811 de
998 749 1186 831 Imperatori·

228 828 274 890 bus
293 874 302 904 ‚
325 828 346 889 sr
365 828 472 902 libeat,
492 827 528 888 de
542 827 556 899 J
561 826 757 888 orisconsrdtis
774 872 784 902 ,
805 828 841 888 de
857 829 1005 904 Medicis,
1026 830 1183 897 denoteris

228 908 284 979 eius
303 909 418 989 generis
434 905 527 968 facere
543 908 652 996 poteris
668 905 821 967 reffiffime
838 951 845 965 .
866 909 962 979 Huius
981 909 1056 972 item
1069 910 1129 975 duo
1149 914 1183 976 ii·

228 987 266 1048 bri
284 988 353 1049 sunt
370 988 406 1048 de
423 987 614 1048 Divinatrone
637 984 780 1048 divinitus
797 986 975 1067 conscrrpei.
1008 990 1054 1051 Ad
1077 992 1181 1057 horum

174 1101 176 1109 ·
225 1068 368 1130 rationem
390 1066 541 1128 Sadoletus
563 1066 617 1127 sue
636 1065 832 1147 -Phirosophiae
854 1066 1045 1132 defenflonem
1068 1074 1181 1153 optime

227 1146 375 1209 instituiffe
396 1145 527 1208 viderur.
547 1145 699 1206 Haemus
714 1145 751 1207 de
770 1146 927 1209 Cicerone.
950 1150 1041 1211 Nune
1058 1151 1183 1216 decaete-

225 1226 286 1302 ris,
316 1225 371 1307 qui
387 1224 469 1307 digni
490 1226 581 1300 sunt,
600 1244 679 1305 quos·
692 1225 866 1290 imitemur.
896 1228 997 1291 Petrus
1026 1228 1181 1309 Renibus,

223 1325 286 1367 cum
310 1306 345 1367 -in
367 1304 417 1367 sue
436 1305 565 1365 Historia
584 1320 641 1364 rres
668 1304 785 1366 haberet
802 1349 814 1379 ,
834 1326 961 1387 quorum
979 1313 1114 1389 quemvis
1140 1334 1180 1374 re·

225 1385 263 1447 de
284 1386 303 1447 s
337 1400 470 1459 ueretur,
491 1383 595 1446 Caesari
607 1400 713 1445 remen
734 1383 860 1458 maluit,
878 1406 971 1467 quom
988 1404 1040 1448 em
1059 1391 1147 1452 Livio
1168 1436 1178 1466 ,

223 1466 309 1529 ootS
341 1464 448 1538 lustro,
464 1462 702 1534 fimiliorvideri3
724 1464 754 1524 id
792 1463 849 1526 und
866 1480 934 1530 onte
950 1485 1020 1527 eum
1035 1467 1176 1532 ineadern

224 1545 352 1607 Historia
369 1543 569 1624 Navagerium
590 1542 698 1606 fenore
711 1543 775 1605 dice
813 1564 897 1614 mus3
917 1544 949 1606 in
987 1545 1177 1629 naidempo·

224 1624 317 1687 sterior
340 1624 525 1763 Navafferius
549 1621 679 1703 praelhre
691 1623 808 1704 egregie
821 1623 949 1695 dicito&
1014 1645 1097 1689 mem
1112 1628 1178 1691 Ber-

221 1705 359 1766 nerdinus
379 1704 433 1764 Ma
445 1703 504 1772 ejus
526 1703 558 1763 in
577 1702 756 1765 Pauli-tertii
780 1702 932 1780 Pontificio
946 1705 1074 1768 Maximi
1098 1730 1178 1771 com·

219 1783 371 1846 memoriis
394 1781 527 1864 quotidie
544 1781 768 1861 splendidiffime
783 1780 878 1845 facit.
906 1784 942 1844 in
959 1785 1053 1846 Poetis
1075 1805 1175 1851 autem

220 1862 430 1945 Lampridius,
450 1881 518 1926 cum
540 1880 641 1921 omnes
664 1862 696 1923 in
710 1862 786 1922 Odis
803 1863 932 1925 Horatio
954 1864 1103 1930 similiores
1124 1871 1175 1932 effe

219 1943 380 2016 studerent,
403 1940 477 2003 solus
499 1940 675 2015 Pindarum,
696 1961 791 2023 neque
812 1943 844 2004 id
864 1942 979 2006 fortasse
999 1946 1113 2025 ingrate
1152 1950 1176 2010 i·

218 2023 314 2085 mirari
335 2022 376 2082 est
394 2020 495 2082 ausus.
515 2024 615 2097 Quam
636 2038 735 2082 autern
758 2023 870 2085 Aonius
892 2024 1059 2085 Lucretium
1077 1993 1173 2089 induis

218 2099 403 2175 verfibus,&
419 2100 563 2173 numetis,
586 2100 966 2181 &sententiisssexprefferim
985 2101 1175 2168 fecileomni-

219 2180 264 2244 bus
280 2183 322 2243 est
339 2178 438 2241 videre
452 2226 460 2239 .
480 2182 616 2241 Tantum
632 2197 730 2241 autem
743 2178 820 2242 abest
834 2226 847 2254 ,
865 2199 898 2243 ur
915 2184 1098 2263 Navagerius
1120 2187 1172 2247 hac

218 2260 354 2324 imitandi
374 2260 484 2321 virtute
505 2260 656 2333 caruerit,
674 2276 707 2320 nt
729 2262 836 2320 caereris
855 2261 974 2332 eriam,
995 2262 1046 2340 qui
1067 2262 1172 2325 redies

219 2342 427 2413 imitarentur,
455 2338 686 2402 unus-omnium
716 2338 747 2397 in
770 2338 991 2417 Epigrammnte
1020 2340 1165 2408 majorum

218 2423 294 2482 riam
314 2418 494 2481 ostenderit.
523 2420 605 2480 Nam
626 2418 680 2499 qui
700 2433 772 2478 ente
796 2438 864 2478 eom
887 2413 1018 2478 veterum
1046 2418 1122 2479 rosus
1140 2422 1171 2483 in

218 2522 248 2563 eo
268 2518 377 2583 genere
397 2497 529 2560 versuum
547 2497 682 2560 imitatus
700 2497 751 2568 sit,
771 2514 825 2558 aot
846 2497 938 2557 eriam
961 2497 1173 2562 enimadrerte·

218 2581 269 2656 rit,
291 2594 376 2640 extat
397 2598 483 2639 nemo
506 2600 515 2649 3
536 2577 794 2650 caeterieaereros,
814 2576 943 2659 plerique
963 2579 1055 2639 etiem
1075 2577 1171 2643 {cruos

217 2659 298 2722 secuti
316 2658 416 2728 sunt3
444 2677 518 2719 unus
539 2658 724 2737 Navagerirrs
749 2678 813 2718 eam
831 2657 912 2718 viam
935 2657 1052 2737 poster'n
1079 2659 1171 2722 osten-

218 2740 273 2813 dit,
291 2757 388 2821 quam
403 2754 511 2799 veteres
526 2736 639 2816 optime
655 2737 838 2799 institerunt.
858 2738 952 2812 Huius
971 2738 1041 2799 item
1057 2738 1097 2800 est
1113 2740 1171 2803 Da-

218 2838 302 2892 mon3
318 2818 403 2886 cujus
418 2837 641 2899 magnaparsex
651 2817 733 2878 Galli
742 2817 903 2897 virgiliani
911 2818 1038 2897 imagine
1047 2820 1171 2883 confide

219 2898 269 2970 rst3
289 2897 345 2959 reli
368 2916 405 2956 ua
425 2916 460 2957 ex
476 2895 601 2965 eiusdem
621 2896 758 2977 reliquis,
780 2914 811 2957 ut
829 2897 866 2957 est
876 2897 903 2958 ei
923 2897 1016 2958 visum
1039 2919 1168 2961 commo·

218 2976 292 3053 dius,
314 2997 346 3037 re
377 2996 414 3048 e,
437 2992 525 3057 arque
541 2974 737 3056 pereleganter
757 2975 941 3055 conscripm.
962 2976 1103 3056 Borgrff,
1124 2999 1168 3039 ca-

217 3057 273 3117 relli
294 3054 483 3137 lepidissimi,
504 3056 655 3115 inreritum
674 3055 777 3116 misere
798 3054 900 3116 deflet:
925 3054 1008 3123 hujus
1030 3055 1122 3123 ludius
1144 3058 1168 3117 i-

216 3136 362 3217 maginem
380 3153 417 3195 eir-
431 3133 545 3195 Caruili
564 3134 669 3213 pedere
687 3153 805 3196 moereo
828 3152 924 3195 rorem
943 3135 982 3195 est
1003 3150 1169 3197 mutemus.

216 3212 367 3281 ldwtem
385 3232 477 3295 quem
494 3234 582 3287 rere,
598 3234 689 3297 quem
699 3214 831 3275 decenter
850 3213 992 3287 effecerit,
1011 3233 1046 3276 err
1065 3215 1168 3278 ornos-

216 3309 265 3383 que
283 3293 425 3357 varrum
441 3293 603 3355 collatione
616 3292 702 3353 feciie
722 3292 855 3373 cognosci
877 3293 1008 3373 poterit:
1030 3293 1066 3356 iic
1084 3296 1165 3358 enim

216 3373 306 3458 nquit
323 3374 485 3446 Curulium
902 3406 905 3412 ·

288 3457 410 3534 lagare,
431 3476 448 3511 o
468 3460 598 3526 Veneres,
618 3452 850 3532 Cupidinesque,-

288 3538 326 3595 Β
365 3551 482 3593 uantum
501 3533 540 3608 eli
559 3530 703 3591 hominum
721 3534 918 3610 veneficorum.

287 3558 384 3693 Pali!
402 3631 521 3672 mortum
541 3612 577 3688 efl
595 3636 659 3672 meae
675 3613 795 3692 puelle,

228 3730 230 3733 v
284 3694 470 3834 ss‘mmpff
490 3692 544 3751 illa
564 3693 649 3849 ωκίῗ
663 3691 726 3768 suis
746 3691 874 3754 amabar.

224 3799 231 3818 ⁴
272 3811 274 3816 ·
318 3795 373 3835 m·
453 3789 511 3831 rsus
525 3790 603 3848 erar,
636 3794 754 3851 namque
772 3793 851 3836 norm
920 3830 922 3834 ,
