3034 4559
329 449 370 511 ὁὸ
489 438 1041 507 criminantem
1226 506 1235 525 ,

284 526 326 589 'de
334 525 437 609 quibus
446 523 540 586 modis
547 519 680 584 omnibus
689 520 800 601 optime
808 538 890 582 erant
899 519 1023 581 meritae:
1045 515 1137 582 ambae
1153 511 1247 594 hospe

289 624 349 667 tem
371 604 530 686 fugientem
550 616 742 670 execrantur3
764 600 856 661 amba
875 601 907 661 in
929 600 1095 679 gravissimo
1118 592 1246 685 periculo

287 684 453 756 derelisiae3
481 679 632 744 ambarum
654 680 727 739 item
747 680 885 761 querendi
906 679 1003 754 ordo,
1032 696 1125 818 atpuc
1157 689 1247 762 ratio,

285 764 435 846 Siquidem
458 760 547 822 modo
575 757 669 820 surore
697 760 811 838 percita
831 761 864 820 in
885 757 1039 820 desertores
1072 778 1126 819 uos
1147 751 1247 828 verbis

286 844 394 923 asperis·
410 843 450 903 im
492 856 586 901 tenter
607 835 872 913 seruntur‚1nodo
892 837 929 899 ad
951 857 1047 916 preces
1067 834 1199 904 remissos
1217 852 1247 906 ae

288 925 385 982 nimos
408 922 449 981 mi
461 918 606 980 erabiliter
625 933 818 991 convertunt,
839 917 927 1000 idque
944 936 994 1055 ger
1011 931 1106 978 totam
1121 931 1247 993 conque

284 1000 424 1074 dionem,
447 998 525 1081 quafi
545 994 668 1058 viciffim
690 997 865 1077 repetitum,
887 1016 943 1057 con
956 1011 1077 1058 ervant.
1098 992 1247 1057 Postremo

286 1095 386 1140 autem
407 1078 443 1139 ad
466 1076 703 1151 execrationem,
733 1075 770 1137 ad
789 1076 894 1151 diras,
924 1091 1065 1157 tanquam
1086 1074 1124 1136 ad
1149 1067 1247 1134 caussa

284 1156 340 1218 suae
361 1156 536 1218 tutissimum
557 1154 734 1236 presidium,
755 1153 880 1218 sinentes
901 1152 1091 1235 confugiunt.
1111 1152 1173 1215 sed
1191 1150 1247 1222 jam

286 1236 505 1298 smilitudinem
525 1234 696 1373 utriustliue‚
716 1251 806 1375 atfiue
825 1234 941 1296 alterius
964 1234 1169 1296 imitationem
1189 1235 1247 1310 ipse

284 1316 446 1394 carminum
461 1314 581 1377 collatio
597 1315 710 1394 penius
727 1334 745 1375 o
770 1314 873 1376 endat.
893 1313 1024 1376 Ariadna
1040 1313 1135 1393 igitur
1150 1310 1247 1384 statim

283 1393 321 1456 fic
340 1396 372 1455 in
384 1395 477 1458 'suum
497 1391 660 1475 fugientem
681 1393 853 1456 exardescit:
1088 1439 1109 1454 .-

362 1474 466 1536 siccine
494 1495 538 1533 me
564 1474 669 1553 patriis
689 1472 856 1547 eddadem,
874 1468 994 1553 mdc,
1014 1468 1053 1531 ab
1072 1472 1147 1547 oris,

360 1549 492 1626 Perside,
512 1552 644 1629 desertam
662 1552 771 1633 siqutsii
790 1553 821 1611 in
839 1548 1083 1627 littore‚Theseu.’

280 1635 380 1707 Quam
401 1632 579 1692 iracundiam
598 1632 677 1692 Dido
697 1634 726 1690 δι
747 1630 808 1711 ipsa
829 1630 865 1690 fic
887 1630 975 1692 initio
994 1627 1150 1710 expressit:

361 1710 537 1787 Diffimulare
556 1709 640 1768 etiam
652 1710 776 1790 sperasti,
793 1706 913 1790 perfide,
933 1727 1043 1770 tantum
1234 1773 1239 1780 ,

364 1790 442 1868 Posse
463 1786 559 1865 nefas?
580 1789 731 1867 tacitusque
750 1811 811 1848 mea
829 1789 954 1849 decedere
972 1795 1060 1848 imai

280 1866 432 1928 Continuo
452 1887 470 1926 a
487 1867 599 1928 summa
615 1868 814 1947 indignatione
829 1884 863 1929 ut
916 1889 968 1940 ue,
989 1884 1023 1930 ut
1038 1865 1140 1942 vides,
1154 1865 1245 1940 suant

302 1946 494 2008 uerimoniam
515 1945 685 2007 exorditur:
708 1948 818 2023 altera,
859 1967 877 2008 u
936 1946 973 2007 ab
992 1946 1117 2008 Laribus
1139 1945 1244 2027 patriis

279 2044 299 2084 a
338 2024 404 2087 usia
423 2040 485 2086 tam
508 2025 596 2105 longe
616 2026 747 2105 gentium
775 2027 807 2087 in
836 1968 898 2088 solo
918 2025 1003 2087 litore
1022 2024 1245 2101 destitueretur5

279 2104 381 2177 astera,
422 2104 498 2179 uod,
518 2103 546 2165 se
566 2104 670 2179 inscia,
691 2126 725 2166 ex
733 2104 812 2167 Urbe
831 2105 882 2167 sua
897 2103 997 2184 sugam
1013 2104 1133 2179 moliri,
1153 2104 1242 2178 clause

278 2201 337 2321 flue
356 2182 393 2244 de
401 2122 464 2245 (duo
485 2185 588 2263 Regno
608 2182 743 2246 decedere
759 2184 825 2246 suus
841 2185 875 2245 sit
892 2183 992 2259 ausus,
1014 2181 1183 2265 gravissime
1198 2182 1247 2258 itt-5

299 2278 444 2343 ignatut3
472 2262 556 2323 simus
578 2261 703 2343 persidia
724 2280 845 2345 utraque
874 2261 957 2324 suum
977 2262 1091 2325 accusat
1111 2284 1135 2336 3.
1150 2260 1238 2344 pause

278 2341 342 2431 post
364 2359 468 2481 tamer}i
484 2341 613 2403 Ariadna
632 2364 651 2405 a
670 2340 714 2404 sui
733 2342 983 2405 commiseratione
998 2341 1054 2406 hoc
1071 2342 1164 2406 modo
1178 2361 1238 2423 per·

299 2435 322 2481 it
363 2440 449 2482 ueren
469 2442 504 2482 oe
1228 2459 1233 2468 ·

276 2440 297 2500 g
341 2440 448 2560 qNulla
466 2521 500 2559 ne
519 2522 560 2559 res
567 2502 666 2637 foruit
684 2500 802 2561 crudelis
812 2499 920 2572 desiere
938 2502 1038 2562 mentis

355 2577 524 2653 Constst‘um,
543 2579 596 2638 tii
616 2579 696 2638 nulla
710 2582 773 2656 suit
792 2581 951 2653 clementia,
965 2581 1076 2660 predo,

354 2658 461 2715 inmite
479 2674 511 2716 uc
530 2658 611 2733 nossri
629 2658 718 2716 uellet
737 2658 869 2735 mitescere
880 2658 993 2738 pessus?

356 2739 397 2793 At
419 2756 470 2793 non
489 2732 543 2794 baec
562 2736 701 2834 quondam
722 2734 829 2795 blanda
879 2738 973 2817 omiffa
991 2738 1096 2815 dedisti

355 2816 422 2872 Voce
442 2812 529 2884 mibi,
549 2835 601 2871 non
620 2812 669 2873 boc
686 2814 811 2889 miseram
843 2832 935 2894 pecare
953 2816 1087 2896 jubebas,

355 2890 411 2950 Sed
428 2889 559 2952 connubia
578 2892 658 2965 leta,
671 2893 726 2969 sod
746 2910 849 2973 optatos
869 2899 1043 2973 Hymenaeos.

274 2970 373 3043 Quam
392 2970 512 3031 eandem
532 2971 830 3048 commiserationem,
851 2990 937 3057 atque
957 2976 1146 3042 eodem-ioco
1159 2977 1233 3046 Dide

274 3067 334 3110 non
355 3049 470 3124 omisit,
491 3070 559 3111 cum
580 3050 611 3111 δι
632 3050 692 3131 ipsa
711 3051 857 3134 sequitur:
1112 3091 1115 3096 ·
1222 3117 1226 3124 .

354 3131 413 3189 Nec
428 3147 454 3187 te
468 3129 550 3205 noster
565 3136 665 3205 Amor,
685 3154 732 3192 nec
746 3151 774 3191 te
787 3134 857 3194 data
871 3134 1158 3215 dextera-quondm,

276 3229 278 3234 ·
355 3210 414 3269 Nec
428 3210 557 3266 nescitura
573 3227 644 3269 tenet
660 3211 776 3275 crudeli,
793 3235 873 3273 unm
887 3211 983 3275 Dido?
1040 3241 1045 3276 r
1132 3243 1135 3248 ·

274 3285 342 3356 Hoc
362 3300 459 3375 autem
481 3286 561 3349 addit
580 3288 684 3363 Dido,
703 3311 764 3372 quo
803 3292 889 3371 longe
910 3312 977 3356 cum
997 3296 1233 3364 recommodiut

270 3369 429 3437 convenite¹
445 3364 562 3452 iiineam
584 3388 642 3427 non
664 3368 757 3431 solum
779 3372 810 3431 in
831 3369 860 3430 se
885 3411 895 3444 ‚
916 3368 963 3431 sed
983 3371 1015 3434 in
1031 3374 1123 3453 suos,
1144 3394 1231 3459 atque

272 3442 345 3531 adeo
361 3442 393 3501 in
414 3440 442 3501 se
457 3442 550 3522 ipsum
567 3447 766 3510 crudelitatem
783 3449 862 3508 suam
878 3468 1023 3525 exercere,
1044 3456 1099 3534 qui
1121 3456 1149 3517 se
1165 3476 1231 3519 cunr

272 3521 328 3582 suis
344 3540 395 3601 pet
416 3519 550 3600 hyemem
571 3525 727 3588 certissimo
747 3527 835 3587 maris
858 3527 984 3604 periculo
1005 3530 1152 3603 obiediare
1174 3556 1233 3602 nun

269 3600 398 3663 dubitet.
421 3598 456 3660 Id
476 3622 573 3666 autem
597 3606 643 3665 his
663 3607 816 3688 exequitur
837 3604 977 3668 versibus:

347 3678 434 3760 ,Quin
449 3683 530 3741 etiam
546 3683 661 3763 hyberno
678 3686 784 3744 nolitis
794 3682 881 3757 sedere
896 3686 1021 3764 classem,

343 3761 385 3821 Et
403 3760 502 3823 mediis
512 3780 639 3845 properas
655 3766 839 3845 Aquilonibus
855 3762 893 3826 ite
903 3782 954 3847 per
972 3767 1066 3835 cltum

1124 3860 1198 3919 Cru-
