3034 4559
400 460 458 539 '156
510 534 513 539 ‚
562 500 566 509 .
626 454 873 517 munionem
891 454 1061 517 Arcturi

355 544 461 621 partim
476 554 582 597 terrene
590 534 677 612 sunt,
683 538 791 615 partim
799 536 950 614 aquatiles,
970 537 1016 596 vel
1034 537 1092 596 ita:
1110 534 1174 593 alie
1194 544 1322 608 terrene,

360 621 422 678 aliae
430 618 581 698 aquatiles.
598 615 673 675 Item
690 636 717 689 9.
726 635 754 689 9.
775 615 864 673 multa
872 616 920 674 inu
933 633 1020 688 stata,
1038 617 1142 694 partim
1160 636 1193 671 ex
1210 614 1289 672 Coelo
1309 654 1322 686 ,

361 698 422 756 alia
440 715 555 755 exterra
576 693 728 754 oriebantur
735 715 748 764 ;
768 711 800 755 ut
817 715 894 756 nunc
917 710 1032 755 mutato
1054 693 1153 754 ordine
1178 692 1257 752 idern
1277 708 1321 752 ta

362 798 430 837 men
451 776 571 836 dixerit.
594 774 681 849 Quod
702 794 771 834 vero
790 790 891 835 contra
912 772 1061 847 Rullum,
1083 771 1132 833 ubi
1150 771 1210 832 sola
1231 771 1321 851 parti·

361 858 427 917 cula
448 854 487 915 est
506 853 614 934 pofita,
635 874 721 913 nemo
746 870 904 915 tamcaecus
925 855 982 926 ell,
1002 852 1053 933 qui
1075 873 1134 912 non
1156 848 1241 930 poffit
1258 870 1320 930 per·

359 935 466 1014 spicere
496 934 527 993 in
564 935 629 994 loco
649 932 788 994 mendum
830 933 907 1008 elle,
936 932 1014 1014 quod
1043 932 1133 992 etiarn
1161 930 1319 991 Manutius

360 1014 411 1073 suo
432 1012 558 1072 allerilco
578 1012 734 1074 indicavit.
755 1010 802 1072 Ad
823 1011 957 1074 Atticum
980 1032 1048 1072 vero
1067 1030 1155 1088 172.,
1177 1007 1227 1071 ubi
1244 1010 1320 1089 lege·

361 1091 445 1153 batur
462 1093 591 1171 partim,
612 1092 766 1153 Manutius
782 1108 833 1171 per
849 1110 901 1166 se,
930 1091 961 1152 ἃ
984 1091 1060 1152 selle
1081 1088 1201 1172 quidem
1224 1106 1318 1150 corte·

360 1172 423 1245 xit,
446 1171 501 1233 hoc
509 1171 613 1232 modo:
634 1169 747 1231 videbis
764 1192 841 1249 ergo,
861 1189 893 1229 ut
901 1170 1065 1248 sustentetur
1077 1186 1176 1249 perte,
1196 1190 1252 1227 uon
1268 1191 1319 1227 au·

358 1268 413 1309 sem
425 1252 555 1330 partim.
583 1251 774 1324 Quinetiam
801 1250 875 1311 liin
896 1250 1039 1311 Oratione
1062 1249 1154 1322 desit,
1183 1246 1317 1311 insensu

360 1346 458 1391 tamen
480 1329 606 1410 intelligi
627 1330 730 1391 necesse
750 1329 815 1389 etr.
841 1328 1095 1407 Quemadmodum
1116 1328 1147 1387 in
1168 1344 1257 1402 sum,
1285 1326 1315 1389 δι

360 1432 421 1470 cum
443 1409 504 1470 fieri
524 1410 674 1485 videmus,
695 1426 729 1471 ut
756 1409 825 1469 Ter.
850 1428 913 1484 1²9·
934 1427 1000 1489 quot
1023 1431 1065 1467 me
1086 1406 1174 1481 censes
1195 1404 1316 1467 homines

357 1491 418 1567 jam
437 1487 622 1569 deverberaffe
641 1490 727 1569 usque
746 1490 785 1549 ad
804 1511 917 1563 necent,
945 1488 1085 1568 hospites,
1115 1508 1177 1547 cum
1196 1488 1316 1547 Cives?

359 1567 411 1629 ubi
433 1567 607 1649 intelligitur
627 1592 689 1629 cum
710 1585 777 1630 ante
799 1568 938 1644 hospites,
961 1584 993 1628 ut
1014 1567 1065 1640 srt,
1085 1587 1146 1625 cum
1170 1564 1315 1645 hospites,

357 1667 419 1705 sum
442 1650 525 1706 etiam
545 1647 657 1707 Cives?
685 1646 771 1722 Quod
792 1663 889 1707 autern
910 1646 946 1706 ad
970 1646 1141 1717 Catonem,
1170 1660 1260 1726 atque
1280 1648 1316 1721 Q.

358 1726 516 1788 Claudiurn
536 1728 666 1800 attinet,
694 1724 864 1806 iampridem
886 1726 916 1785 in
938 1726 975 1785 iis
998 1724 1092 1786 multa
1119 1723 1185 1784 sunt
1206 1723 1314 1787 obsole-

322 1806 335 1827 '
359 1822 406 1866 ta.
430 1807 566 1866 Praeterea
587 1805 651 1866 loca
672 1805 731 1865 inte
753 1825 785 1864 ra
804 1824 864 1865 non
885 1805 1068 1877 afferuntur,
1089 1823 1183 1885 neque
1199 1804 1314 1867 Gellius

379 1900 507 1963 ropterea
534 1905 552 1943 a
575 1883 717 1945 veteribus
732 1826 812 1943 lanc
833 1884 1006 1964 particulam
1037 1883 1125 1945 solam
1146 1884 1218 1963 poni
1248 1904 1315 1947 con·

356 1904 473 2024 lueville
493 1961 634 2033 affinnat3
656 1979 688 2024 ut
697 1963 819 2022 omnino
841 1962 947 2025 Budaeo
966 1963 1114 2038 assentiar,
1135 1963 1262 2026 Paulum
1271 1965 1313 2032 ita

356 2042 409 2103 elle
428 2043 628 2133 corrigendum
645 2064 654 2112 3
676 2059 778 2103 contra
798 2062 867 2103 vero
886 2041 924 2105 ab
945 2043 1062 2105 Alciato
1083 2040 1184 2104 frullra
1199 2059 1313 2106 tantam

355 2141 477 2212 operam
503 2143 534 2183 in
560 2122 666 2183 haere
693 2122 868 2205 perdendam
891 2144 950 2185 non
970 2122 1074 2199 suissi,
1103 2122 1188 2186 valde
1212 2123 1312 2185 dillen·

358 2218 432 2262 tias·
1301 2261 1304 2266 c

395 2280 529 2363 Sequitur
555 2281 657 2342 eodeni
685 2281 717 2342 in
739 2280 812 2343 libro
833 2302 893 2365 cap.
913 2304 956 2345 20.
985 2281 1200 2345 Grammaticos
1230 2302 1309 2344 rnore

356 2361 407 2421 suo
427 2381 544 2441 carpens
566 2362 597 2421 in
619 2385 637 2419 a
653 2362 857 2442 praepositionis
879 2363 987 2443 duplici
1004 2362 1214 2443 significatione
1229 2361 1265 2423 ab
1275 2363 1307 2423 iit

356 2461 416 2500 non
434 2440 594 2514 intelledla,
616 2462 749 2502 unacum
766 2442 804 2502 ell
822 2463 873 2522 pro
894 2445 975 2503 donec
992 2486 1002 2515 ,
1021 2459 1054 2503 ut
1070 2444 1109 2505 est
1125 2441 1201 2522 apud
1219 2444 1308 2504 Nera·

358 2520 431 2579 tium
451 2520 576 2580 Priscum
594 2566 603 2595 ‚
624 2521 658 2581 de
673 2541 732 2602 qua
748 2542 800 2582 nos
817 2542 893 2584 nunc
910 2536 1025 2583 tantum
1046 2542 1186 2602 agemus.
1218 2522 1248 2586 Is
1268 2522 1307 2586 itt

358 2599 474 2679 inquit:
494 2622 555 2659 cum
572 2602 618 2659 vir
627 2602 704 2659 uxori
711 2601 802 2679 legat,
818 2602 878 2674 ſsa
894 2600 985 2671 liberis
1001 2601 1195 2677 nonnupseris.
1213 2603 1307 2675 Quem

357 2678 453 2738 locum
473 2679 592 2757 exponit
609 2679 763 2740 Altiatus.
793 2683 826 2739 Si
839 2681 920 2739 donec
928 2676 1005 2751 filios
1020 2676 1168 2750 babuerit,
1197 2701 1241 2735 eos
1259 2702 1306 2740 noe

355 2757 523 2832 deseruerit,
556 2758 594 2817 Q
612 2782 664 2817 uon
680 2760 823 2839 nupserit.
845 2759 936 2835 Cujus
956 2757 1097 2815 locutionis
1120 2776 1172 2813 nou
1191 2755 1308 2817 arbitror

342 2836 446 2911 ‚mulsa
469 2838 577 2914 reperiri
593 2839 737 2917 exempla.
767 2835 915 2897 Hadlenus
931 2835 1005 2896 ille.
1033 2834 1113 2910 Quid
1134 2851 1234 2895 autem
1259 2838 1307 2899 ille

355 2932 504 2995 tantopere
528 2916 557 2976 in
579 2938 608 2978 te
630 2914 791 2997 planiffima
812 2914 839 2976 se
859 2915 969 2989 taeter,
990 2914 1041 2975 alii
1061 2915 1212 2976 viderint.
1233 2918 1304 2991 Quis

354 2997 432 3055 enim
451 2995 539 3057 nelcit
555 3041 564 3068 ,
579 2996 609 3071 st
621 3022 639 3054 a
655 2995 746 3055 liberis
762 3017 815 3054 nou
831 2996 974 3075 nupserit,
1003 2995 1055 3056 elle
1071 3040 1080 3070 ,
1096 2992 1124 3068 fi
1141 2993 1240 3054 liberos
1255 3021 1304 3055 noe

355 3076 498 3150 deserueris
510 3120 518 3150 ,
532 3074 632 3149 fi'cum
649 3075 740 3134 liberis
756 3076 901 3151 manserit,
917 3074 946 3149 st
951 3077 990 3136 ad
991 3076 1126 3152 secundas
1135 3078 1248 3153 nuptias
1256 3100 1304 3135 nou

352 3173 415 3213 tran
428 3157 504 3229 reris,
526 3156 616 3233 quoad
630 3153 725 3214 liberos
739 3153 854 3215 habear.
875 3156 955 3229 Quid
971 3172 1068 3216 autem
1087 3155 1134 3214 hic
1151 3154 1275 3216 declaret
1294 3199 1302 3228 ,

352 3252 495 3315 quantum
513 3235 548 3294 ad
565 3234 686 3308 liberor,
708 3256 767 3296 non
785 3235 886 3310 video.
908 3238 988 3299 Nam
998 3234 1093 3297 Plauti
1111 3234 1300 3315 locus,querr1

354 3313 412 3392 ipse
429 3313 485 3374 huc
500 3313 676 3393 detorquet,
700 3314 779 3374 aliud
795 3317 857 3377 est.
889 3318 993 3398 Neque
1014 3316 1092 3374 enim
1113 3314 1168 3374 hoc
1192 3314 1222 3374 in
1240 3315 1300 3374 loto

354 3391 474 3453 usuam
507 3392 603 3451 locum
639 3392 726 3454 habet
754 3395 838 3455 donec
868 3395 897 3455 in
928 3394 1128 3474 exponendo.
1159 3395 1301 3473 Siquidem

352 3413 446 3530 vilere
462 3494 479 3528 a
494 3468 598 3544 morbo,
619 3490 701 3549 atque
719 3472 753 3531 ab
769 3476 874 3548 animo,
895 3473 968 3534 telle
989 3473 1107 3554 quidem
1128 3474 1193 3548 est,
1215 3496 1299 3553 quan·

351 3569 411 3610 tum
427 3552 467 3608 ad
480 3548 627 3623 morbum,
650 3553 689 3607 ad
705 3552 854 3627 animum,
877 3568 909 3613 ut
927 3553 1001 3613 idem
1019 3553 1091 3613 dixit
1112 3555 1205 3613 valere
1225 3577 1244 3614 a
1255 3570 1299 3634 pe·

349 3631 433 3690 cunia
449 3673 457 3703 ,
487 3629 556 3689 idest
576 3640 710 3707 quantum
729 3634 769 3690 ad
782 3634 926 3710 pecuniam
944 3654 951 3700 ς
982 3633 1062 3713 quasr
1079 3654 1150 3693 vero
1167 3633 1297 3693 Verbum

350 3708 407 3772 hoc
428 3710 507 3768 valeo
528 3725 641 3769 caeteras
663 3711 875 3789 prepositiones
904 3733 961 3772 non
985 3713 1103 3792 recipiat
1126 3757 1134 3786 ,
1158 3729 1189 3773 ut
1210 3713 1299 3771 valere

348 3790 392 3857 ‚ad
408 3789 537 3867 aliquid,
559 3791 629 3851 item
650 3788 679 3849 iu
696 3812 749 3867 re,
771 3791 848 3859 &iu
867 3814 945 3867 rem,
976 3792 1046 3855 item
1067 3793 1144 3873 apud
1162 3792 1298 3871 aliquem,

1212 3887 1262 3934 aut
