3034 4559
394 489 454 554 114
570 462 650 535 DE
685 458 1173 529 ΙΜΙΤΑΤΙΟΝΕἸ

353 554 407 639 qtii
428 575 446 613 a
464 550 613 613 Ciceronis
635 550 801 612 imitatione
818 548 965 629 'nusquam
985 546 1129 619 discedit3
1158 545 1212 631 qui
1241 565 1316 628 petie

354 632 477 698 verbum
497 630 613 696 mulum
642 630 791 710 protulit3
818 627 942 692 nullum.
960 626 1123 688 membrum
1154 626 1315 702 adstruxit,

353 713 434 800 quod
456 727 508 773 aur
526 706 699 773 acioerone
718 730 777 770 non
790 706 962 798 sumpserit,
980 724 1032 768 aur
1052 706 1089 767 ad
1111 704 1171 776 ejus
1193 705 1317 770 strudo-

353 812 418 855 rain
439 813 499 853 non
520 786 670 853 bellislime
690 779 898 862 consimilem,
918 787 993 847 nihii
1013 784 1114 848 caullae
1133 784 1223 860 dico,
1264 784 1315 852 uio

354 872 490 935 omnium
509 867 701 951 inepriffimus
721 869 798 929 siin.
876 887 893 928 e
912 886 981 928 vero
1001 864 1132 928 sumatur
1152 886 1187 925 eit
1211 885 1228 925 e
1267 883 1314 926 eiii

353 948 420 1015 Lon
442 949 520 1025 olio,
539 968 629 1038 quani
650 948 728 1012 casus
749 947 872 1009 obtuleti
927 966 962 1007 eir
981 944 1042 1014 eius
1061 942 1264 1006 voluminibus
1285 964 1314 1005 e·

377 969 476 1092 istoia:
497 1026 642 1110 deligatur
660 1044 759 1090 autem
779 1044 815 1089 eir
832 989 966 1099 unidetso
987 1022 1139 1105 Erasmo[
1174 1024 1273 1086 uando
1288 1023 1315 1086 ir

352 1044 580 1170 &neronianum
600 1107 683 1171 suuni
704 1103 1068 1254 inLongpliical'pmniain
1085 1098 1169 1165 consa
1189 1101 1314 1186 ricavit]

353 1206 420 1269 qua
443 1188 557 1269 optime
584 1183 687 1269 scripta
713 1188 768 1261 sit,
787 1206 851 1269 quae
876 1206 926 1266 ger
958 1206 1013 1246 ane
1035 1203 1173 1266 germana
1193 1201 1256 1258 ripn
1271 1182 1315 1259 sit,'

353 1265 536 1338 conferatur3
556 1266 657 1329 Larini
674 1265 865 1329 adhibeantur
880 1260 1097 1345 disceptatorem
1119 1265 1235 1343 perealii
1259 1281 1313 1403 epo,

352 1344 457 1421 male,
475 1345 507 1407 ni
528 1348 631 1409 Roma
652 1343 815 1426 Longolius
835 1345 866 1407 dt
887 1362 973 1412 natus
989 1345 1064 1418 effe,
1085 1342 1115 1403 dt
1138 1340 1216 1404 alius
1234 1387 1244 1418 ‚
1265 1342 1315 1403 ie

351 1441 451 1487 autem
472 1446 624 1510 nunquam
651 1417 979 1502 Latmum-Morem
1010 1419 1107 1499 legisse
1124 1420 1312 1491 judicabitur}

352 1506 459 1587 Neque
475 1506 505 1566 id
521 1527 556 1567 eo
573 1505 695 1581 nomine
709 1507 793 1580 dico,
809 1503 887 1589 quod
904 1504 954 1564 ille
970 1499 1074 1565 insulse
1089 1501 1207 1562 irridere
1223 1501 1312 1577 soler,

355 1584 431 1644 'uod
453 1584 484 1646 dr
499 1585 532 1645 Ρ.
548 1585 583 1646 C.
599 1585 674 1678 &80
689 1586 721 1648 P.
736 1590 773 1660 Q.
789 1587 826 1646 R.
850 1600 884 1645 ut
899 1582 1068 1645 Romanel
1110 1582 1140 1642 ui
1156 1581 1312 1655 videatur,

352 1604 517 1743 1018011111ο
538 1684 585 1725 cre
603 1682 639 1724 ro
663 1666 799 1745 usurpet3
818 1663 865 1723 sed
889 1662 968 1744 quod
985 1662 1021 1723 iis
1038 1664 1104 1723 voci
1125 1681 1177 1734 us,
1197 1673 1311 1724 eorum*

374 1762 411 1802 ue
426 1741 565 1803 lirudittra
604 1759 695 1825 atque
717 1741 925 1823 compositione
947 1742 980 1802 in
1002 1741 1052 1803 sua
1076 1741 1228 1815 oratione,
1247 1741 1310 1822 qua

382 1837 520 1880 omanam
544 1822 708 1909 optionem
733 1842 799 1884 vere
823 1818 997 1895 redoleant,
1027 1821 1120 1883 utitur
1144 1819 1311 1900 aptissimess

346 1895 401 1957 Sed
429 1899 490 1967 jain
505 1897 573 1960 vela
586 1899 811 1975 contrahamus,
829 1916 864 1961 ac
878 1899 995 1961 tandem
1010 1900 1046 1960 ad
1062 1900 1243 1962 locutionem
1260 1899 1312 1964 no}

350 1974 438 2037 liram
449 1971 597 2039 redeamus
605 1979 784 2055 }··Quoniain
808 1979 900 2061 igitur
917 1997 1001 2059 tanta
1018 1980 1174 2042 locutionis
1191 1980 1237 2041 vis
1256 1977 1312 2054 est,

351 2054 383 2115 dt
400 2054 575 2134 audlotitas,
594 2072 645 2132 ut,
659 2057 738 2141 quod
754 2059 883 2120 alienum
899 2058 959 2133 est,
982 2059 1107 2120 nostruin
1135 2058 1166 2119 id
1183 2057 1309 2119 maxime

348 2133 476 2206 efficiam
493 2137 561 2199 huic
577 2138 629 2199 uni
646 2139 677 2198 iii
693 2139 796 2219 primis
811 2157 928 2219 operam
945 2136 1071 2200 dandam
1089 2138 1143 2199 elle
1153 2138 1312 2228 precipioi

349 2230 440 2297 atque
454 2213 492 2278 sic
507 2218 537 2280 in
554 2237 587 2278 ea
603 2211 794 2294 versandum,
816 2237 848 2279 ui
873 2219 951 2280 nihil
968 2220 1018 2279 illa
1034 2234 1213 2299 promptius,
1236 2213 1308 2279 nihil

349 2296 445 2373 magis
462 2292 560 2377 praello
575 2295 659 2360 nobis
675 2298 728 2359 elle
743 2297 843 2379 polliri
864 2300 910 2359 Ac
926 2299 1065 2379 quoniam
1091 2299 1119 2357 iii
1138 2317 1171 2358 ea
1186 2297 1312 2359 locutio

346 2391 387 2435 ne
402 2375 458 2437 hoc
474 2379 551 2438 tanti
566 2376 652 2439 studii
668 2379 836 2458 ponendum
851 2380 908 2452 ,esti
922 2398 985 2459 quae
1002 2399 1061 2439 non
1079 2378 1169 2438 solum
1188 2376 1238 2438 sua
1254 2395 1309 2438 cer·

350 2468 384 2513 ta
407 2455 518 2516 ratione
542 2454 669 2529 constet,
691 2454 738 2517 sed
761 2478 825 2540 quae
841 2478 900 2518 uria
924 2455 1061 2531 exceliat,
1083 2475 1205 2537 quaeque
1224 2458 1312 2516 ino

350 2535 463 2592 ratione
478 2535 674 2614 principatum
691 2534 841 2607 obtineat,
860 2554 923 2614 quae
946 2534 968 2593 st
990 2536 1125 2615 propria,
1145 2535 1258 2611 nitida,
1278 2534 1307 2596 ἃ
1340 2546 1342 2550 “

349 2630 423 2690 pura
442 2612 493 2681 sir;
514 2613 535 2671 si
555 2615 723 2685 translata,
743 2614 904 2672 orationem
930 2613 1059 2672 maxime
1083 2612 1208 2672 illustret
1222 2656 1234 2685 ‚-
1253 2616 1312 2673 im-

373 2690 431 2747 leat
449 2709 457 2756 3
478 2703 541 2767 quae
564 2708 599 2747 ue
619 2690 741 2769 ample,
760 2708 825 2769 quae
845 2689 992 2749 cumulate
1014 2690 1056 2749 sui
1081 2689 1167 2748 nobis·
1189 2693 1308 2769 copiam

349 2707 455 2837 iaciat,
477 2763 524 2824 cui
542 2707 671 2846 denique
688 2766 766 2824 nihil
791 2764 861 2825 desit
883 2766 919 2825 ad
942 2768 1043 2826 omnia
1067 2767 1205 2827 orationis
1223 2790 1311 2831 orna-1

348 2857 464 2905 menta:
486 2842 560 2903 lianc
574 2860 626 2903 aut
643 2841 681 2903 ab
696 2861 756 2904 uno
771 2843 928 2916 Cicerone,
947 2861 998 2905 aut
1015 2867 1035 2907 a
1049 2847 1168 2906 nemine
1183 2846 1243 2909 alio
1260 2871 1306 2931 pe·

348 2920 469 2983 tendam
491 2922 562 2997 esse,
583 2921 642 2991 iani
667 2922 768 3003 laepius
791 2919 884 2998 dico,
908 2941 996 3004 atque
1020 2926 1171 3006 praecipio:
1191 2929 1222 2988 in
1247 2950 1304 3012 quo

348 3000 450 3083 procul
467 3000 557 3063 dubio
572 3001 657 3070 liuius
672 3020 774 3064 omnes
798 3004 920 3066 virtutes
945 3006 1171 3068 cumulatissime
1187 3023 1306 3084 extant,

349 3098 437 3163 atque
453 3081 525 3143 adeo
540 3085 690 3163 praeliant.
711 3086 792 3145 Nam
809 3083 839 3145 dt
857 3085 888 3144 in
911 3084 966 3145 hoc
983 3085 1065 3166 gravi
1082 3087 1183 3147 omnia
1199 3090 1304 3150 oratio·

343 3162 394 3226 zris
408 3179 579 3223 ornamenta
594 3162 702 3226 assidue
717 3162 840 3244 legendo
851 3162 991 3225 facillime
1008 3163 1171 3226 imbiberit.
1189 3168 1219 3227 Si
1236 3188 1306 3229 vero

348 3242 377 3301 se
394 3240 537 3301 demiffius
553 3260 639 3323 agat,
662 3262 696 3304 ur
713 3243 833 3319 timide,
854 3261 886 3304 ut
903 3245 1081 3318 verecunde,
1101 3262 1136 3306 ut
1151 3266 1237 3325 parce
1252 3247 1303 3308 ista

348 3322 409 3400 ipsa
432 3321 588 3398 attingat,
610 3325 671 3402 pari
697 3323 822 3383 addiscet
846 3324 974 3385 ratione.
996 3325 1031 3384 In
1048 3323 1186 3386 mediocri
1206 3343 1303 3388 autern·

347 3416 413 3461 cuin
429 3396 604 3474 versabitur,
622 3422 654 3461 ac
692 3403 749 3462 uasi
765 3403 814 3462 ille
830 3402 915 3476 sacit,
937 3403 990 3483 qui
1007 3423 1067 3464 nori
1084 3404 1115 3463 iri
1137 3406 1259 3467 Oceano·
1273 3427 1305 3467 o-

346 3474 464 3539 mnibus
486 3479 583 3539 ventis
606 3480 657 3540 lati
682 3500 738 3542 ime
762 3482 828 3543 vela
851 3482 959 3561 pandat
975 3525 986 3553 ,.
1010 3501 1103 3563 neque
1129 3483 1250 3547 lintrem·
1272 3486 1303 3546 in

348 3556 540 3700 placidiffimo
555 3556 783 3621 flumine'contis
800 3560 954 3639 impellat,
972 3560 1017 3622 sed
1032 3564 1084 3642 qui
1100 3581 1160 3622 nori·
1183 3564 1301 3645 longea

361 3643 433 3700 itore
449 3638 536 3699 inodo
561 3639 664 3710 remis,
684 3640 772 3700 modo
789 3639 860 3699 velis
885 3640 1102 3714 navigationem
1125 3641 1206 3703 suain
1223 3662 1303 3704 eiter-

348 3737 428 3793 ceat‚
449 3739 542 3808 neque
556 3715 629 3779 elate
645 3719 752 3794 nimis,
767 3738 859 3857 oepue
875 3717 1040 3793 demissius,
1055 3740 1146 3802 quam·
1161 3721 1231 3782 satis
1248 3722 1298 3797 sit,

814 3802 991 3860 econtinere
1008 3798 1139 3869 videbis.
1157 3799 1237 3862 Cum
1253 3821 1300 3864 ve·

1228 3900 1262 3941 ro

348 3802 382 3860 in
405 3800 547 3861 orationis
562 3798 761 3862 mediocritate
776 3798 802 3859 se
