3034 4559
443 449 508 509 ιη·
528 444 770 512 contritio
789 446 1067 510 intuertur.
1145 471 1204 532 143

290 539 327 588 ttr
342 546 409 589 com
434 526 613 598 rehenderi13
673 526 777 588 stremo
798 526 959 589 multarum
968 527 1144 605 Nationum,
1161 534 1247 595 Gen*

282 607 353 668 tium
375 608 385 667 i
434 607 535 680 itura,
565 626 621 668 con
634 606 813 681 uetudines,
842 627 902 689 qua
916 628 947 670 re
967 627 1088 690 quaque
1108 613 1244 677 maxime

285 702 450 761 moveatur,
472 686 601 770 quidque
609 683 703 767 fugiat
712 686 996 768 acerrime,egregie
1004 687 1136 760 noverit.
1156 691 1239 756 Huic

282 782 373 828 autem
396 785 496 830 rerum
517 765 728 845 multiplicium
755 766 920 846 cognitioni
939 765 1076 849 frequens
1100 768 1238 843 volumus

281 846 393 909 accedat
416 846 509 910 usus.
537 848 622 908 Nam
641 844 661 908 fi
682 846 729 908 hic
748 844 822 909 forte
841 844 937 922 absit,
964 846 1182 928 quodammodo
1203 872 1244 920 ea

281 925 466 1008 intelligendi
486 926 563 988 ratio
587 941 651 990 tota
670 924 797 1001 jacebit,
814 924 922 1007 fietque
943 927 1040 989 multo
1058 928 1091 990 in
1107 928 1172 992 dien
1188 928 1238 992 ob·

279 1005 364 1072 otior·
377 1049 393 1081 ,
418 1020 507 1088 atque
527 1006 663 1087 ignavior
678 1048 690 1067 .-
716 1006 831 1070 Multos
852 1005 931 1072 enim
959 1006 1052 1070 multi·
1068 1007 1205 1080 novimus
1226 1053 1243 1086 ,

278 1085 327 1226 pul
350 1105 444 1167 poene
459 1086 594 1148 omnium
616 1087 718 1148 omnia
738 1085 881 1163 consilia,
900 1082 977 1148 satta
997 1085 1088 1168 probe
1103 1102 1240 1161 teneant3

315 1181 418 1228 tamen
438 1165 479 1228 eis
523 1164 575 1228 uld
594 1183 645 1228 aut
666 1166 837 1247 agendum,
856 1182 908 1230 aut
929 1165 1147 1239 deliberandum
1162 1168 1245 1232 acci-l·

278 1244 341 1320 dat,
352 1264 474 1387 ‘parum
493 1187 526 1308 ii
544 1262 615 1325 apte
632 1244 724 1314 facere
742 1248 860 1321 norint,
882 1268 902 1314 n
940 1245 1021 1310 uead
1040 1247 1160 1318 illorum
1168 1269 1243 1310 con·-

276 1323 350 1388 sulen
377 1325 387 1352 ¹·
408 1325 558 1390 rationem
575 1325 628 1406 qui
666 1346 735 1392 uam
765 1325 846 1388 suam
865 1347 921 1388 con
936 1326 1112 1390 ultatio‘nenr
1124 1348 1238 1391 accom-

277 1404 420 1482 modent,
438 1406 584 1487 quoniam
603 1426 623 1466 n
655 1408 719 1468 ''urn
740 1406 847 1480 usum,
862 1404 980 1468 nullam·
996 1406 1240 1470 exercitationem·

276 1485 416 1567 attigete3
437 1503 475 1548 ut
491 1505 559 1546 vere
577 1484 698 1560 dicant,
714 1505 814 1547 return
834 1483 1043 1564 experientiam
1063 1482 1240 1552 effedricem

274 1563 322 1628 ell'e
341 1563 379 1628 ὃ(
397 1564 568 1646 magistram
584 1566 719 1628 omnium
736 1585 747 1635 3
765 1585 833 1626 cum
854 1579 961 1636 eontra
980 1565 1089 1626 multos
1110 1564 1236 1628 sciamus

274 1643 387 1707 exsulo
409 1664 505 1708 rerum
525 1644 580 1708 usu
600 1644 634 1706 δι
656 1644 830 1706 mallatione
856 1664 922 1721 eam
950 1644 1057 1725 agendi
1086 1665 1234 1708 commen·

273 1720 423 1786 dationem-
440 1724 493 1786 libi
511 1718 688 1800 confecisse,
729 1743 798 1786 uam
818 1743 982 1806 numquam
1003 1745 1042 1787 ex,
1060 1723 1120 1788 sola
1136 1745 1236 1801 rerum,¹

274 1804 441 1886 cognitione
457 1802 640 1867 confecillent
656 1843 669 1865 .*
694 1744 752 1870 Ibe
775 1821 903 1879 autem,
929 1803 985 1887 qui·
1004 1803 1092 1867 nobis-
1107 1805 1232 1887 propos-

274 1897 315 1944 ηις
331 1886 404 1960 est,
422 1882 487 1946 usus
503 1928 514 1958 ,
533 1882 645 1946 duobus
665 1884 761 1946 modis
782 1885 910 1948 maxime
931 1883 1097 1965 perficitur3
1118 1883 1237 1960 altero,¹

272 1981 332 2026 cttm
351 1965 385 2026 in
405 1984 440 2026 te·
457 1962 527 2026 fieta
546 1979 637 2045 atque
656 1963 769 2026 ludicra
788 1965 818 2026 in
839 1966 944 2028 enium.
962 1980 1136 2037 exercetur3
1156 1966 1230 2029 alte·

273 2059 314 2118 to,
333 2062 409 2106 cum
427 2063 474 2106 res
490 2043 589 2124 agitur
609 2044 689 2124 ipsa,
708 2065 742 2110 ac
758 1986 840 2133 quai
859 2044 893 2106 in·
911 2044 1068 2119 candidu,
1090 2060 1179 2126 arque
1196 2046 1230 2116 in
1325 2064 1327 2068 ·

272 2119 362 2196 Solu¹
389 2143 454 2186 non·
472 2139 573 2189 autem·
594 2123 625 2184 in
644 2123 824 2203 praeludiis,
848 2140 937 2205 atque
957 2125 991 2184 in
1011 2123 1113 2186 umbra
1135 2124 1229 2187 versa-

273 2213 330 2275 turt
353 2223 484 2285 quorum
502 2202 552 2267 etsr
573 2203 650 2284 prior
672 2198 795 2264 minime
815 2201 1016 2283 improbatur,
1035 2219 1072 2264 ur.
1085 2203 1138 2284 qui
1146 2204 1228 2272 viam

273 2280 352 2344 alteri·
372 2280 601 2344 munitissimam
627 2283 787 2363 expediat,
817 2298 905 2372 atque
926 2282 998 2342 inde.
1016 2283 1110 2370 magis
1131 2283 1228 2361 parati

270 2359 302 2422 et
318 2382 426 2424 veram
442 2362 617 2426 deliberandi
638 2362 784 2424 rationem·
802 2363 939 2424 homines
956 2359 1141 2431 deveniantt
1183 2382 1226 2424 ua:

273 2455 368 2510 tamen
387 2441 542 2525 sequitur,
563 2443 718 2504 certiorem
735 2457 828 2533 atque·
844 2440 987 2504 tutiorem
1005 2459 1106 2502 rerum!
1120 2381 1227 2510 delibe-

271 2521 413 2584 rationem
429 2521 577 2585 adhibebit
585 2563 597 2581 .·
615 2524 721 2613 Neque
740 2542 821 2584 enim
841 2520 1012 2603 gladiator,
1034 2519 1091 2601 qui
1107 2534 1228 2584 tantum

271 2595 320 2662 ide
339 2599 380 2664 ad
399 2621 521 2666 arenam
538 2601 711 2677 instituerit,
732 2602 764 2662 in
786 2621 853 2671 eam
872 2617 975 2664 tamen*
993 2616 1160 2682 numquam·
1178 2598 1226 2664 de·

272 2675 420 2755 fundarit,
435 2682 582 2746 continuo·
596 2682 759 2744 eanulnera
778 2680 935 2757 inflixerit,
956 2695 1009 2744 aut
1027 2679 1087 2750 ejus
1108 2679 1232 2760 praesenr

271 2758 343 2824 ovi
363 2761 459 2823 animi
476 2781 541 2823 rem
558 2778 664 2844 geret,
692 2782 755 2844 quo
771 2762 828 2845 qui
846 2760 957 2830 serrum
974 2759 1062 2823 hollis
1083 2760 1226 2844 sanguine

273 2835 372 2922 &pius¹
390 2839 628 2904 concalefererir.
655 2844 745 2908 Nunc
765 2842 857 2925 igitur
876 2840 1064 2933 deligendum
1085 2841 1139 2902 esse
1159 2862 1225 2912 cen·

269 2913 421 3075 i'l’nluj
440 2922 754 3092 {landabiliter
767 2919 1223 3080 llfelssrl‘tltmtlll‘l.

268 3095 330 3140 mna
348 3079 509 3142 hominum
526 3101 602 3142 mna
621 3081 661 3142 est
680 3083 836 3163 paucitas,
866 3099 905 3141 ac·
921 3098 1033 3162 quosa
1052 3078 1221 3156 parentibus

268 3159 366 3224 nutris
389 3160 567 3241 accepimus,
589 3160 611 3221 ii
632 3175 769 3241 perpetuo
789 3180 850 3221 non
869 3159 935 3226 sunt
958 3156 1105 3232 habendi,
1126 3157 1163 3218 ad
1180 3157 1228 3224 al«

268 3251 361 3300 terum
378 3259 471 3320 genus
491 3239 720 3322 confugiendum
737 3238 810 3313 elle,
829 3259 922 3300 nemo
939 3256 1002 3300 non
1020 3235 1117 3300 vider.
1139 3241 1226 3313 Qua*

266 3333 292 3380 te
309 3338 422 3412 magna
442 3319 621 3462 Principibus
641 3339 758 3402 quoque
776 3339 848 3381 cura
865 3317 1031 3381 adhibenda
1047 3316 1112 3392 est,
1133 3332 1167 3379 ut
1186 3318 1224 3382 iu·

266 3393 320 3460 suin
337 3398 524 3462 Civitatibus
563 3399 626 3472 ujus
646 3400 761 3463 ordinis·
781 3398 865 3481 quasi
880 3397 1118 3464 consiliariorum
1138 3398 1222 3462 semi-

266 3478 380 3540 narium
420 3479 546 3542 uoddam
562 3478 844 3563 frequensnumerus·
862 3478 985 3556 seratur,
1028 3478 1085 3542 uod
1105 3478 1222 3570 inRep.

267 3551 382 3620 Veneta
460 3560 580 3634 iniis,
603 3577 730 3644 quorum
749 3579 835 3640 opera
855 3558 886 3621 δι
907 3560 939 3621 in
958 3558 1012 3623 scri
1049 3559 1107 3622 ndo
1135 3557 1171 3620 δι’
1184 3578 1221 3619 in

267 3631 386 3718 legendo
406 3639 505 3702 utitur
519 3639 648 3715 assidue,
676 3640 847 3703 faslitatum·
863 3639 927 3715 est,
955 3641 986 3704 δι
1008 3637 1164 3721 aliquando
1184 3636 1221 3702 in

267 3710 299 3776 iia
318 3738 458 3801 quoque,
479 3721 531 3803 qui
541 3722 572 3782 in¹
591 3722 726 3784 ordinem
739 3722 911 3782 Senatorum
932 3719 1033 3800 pollea.
1048 3714 1221 3794 venirepos·

267 3790 342 3876 seut,
364 3798 512 3864 servatum
530 3800 643 3866 audio.
670 3800 821 3885 Siquidem
841 3799 888 3864 illi
906 3799 993 3866 domi
1009 3798 1124 3882 optime
1140 3792 1225 3861 insti,

1093 3891 1183 3938 ruun-
