3034 4559
408 436 445 502 86
566 439 643 501 DE
681 434 1122 495 IMITATIONE'

368 539 425 604 que
444 518 495 600 qui
517 518 544 580 se
565 520 596 579 in
615 515 724 577 choreis
746 528 841 595 agat,
869 514 889 574 si
911 516 946 575 ad
968 513 1028 575 soni
1050 531 1205 576 numerum
1226 515 1330 596 pedem

368 614 484 661 tantum
509 612 652 671 movear,
679 616 738 656 non
759 596 832 657 item
866 594 956 657 totius
977 595 1101 674 corporis
1124 610 1266 668 motum,
1296 616 1329 657 ac

357 678 508 762 ¹quiddam
536 677 626 740 etiam
654 673 690 735 de
717 675 770 737 suo·
802 673 935 737 decenter
955 674 1078 749 addar,
1103 674 1219 755 elegans
1249 674 1332 737 salta-

368 775 414 820 tor
435 756 610 820 habebitur.
639 755 787 817 Pollremo
808 772 908 816 autem
932 754 982 837 qui
1006 774 1103 835 panno
1124 753 1275 831 involutus
1298 754 1331 818 lit

368 837 441 906 bene
463 837 574 908 craso,
595 832 662 895 satis
682 834 733 897 ille
751 833 870 915 quidem
892 847 943 897 aut
967 833 1004 895 ad
1024 830 1115 913 srigus
1136 833 1330 913 pellendum,

370 933 421 979 aut
445 916 483 979 ad
503 914 628 977 calorem
650 914 805 976 arcendum
825 912 942 976 habebit
964 909 1152 984 adjumenti,
1181 914 1217 974 ad
1246 934 1331 976 orna·

368 1013 433 1059 tum
454 1012 553 1060 autem
569 1040 580 1069 ,
599 1013 686 1075 quem
709 994 843 1057 omnium
863 995 992 1054 maxime
1011 992 1187 1074 querimus,
1206 992 1259 1055 nisi
1282 1013 1332 1056 ve·

367 1076 468 1138 stiendi
485 1095 530 1137 ars
551 1073 678 1153 diligens
692 1074 851 1149 accesserit,
871 1074 945 1135 nihil
968 1071 1086 1135 habebit
1106 1073 1253 1134 omnino·
1283 1072 1334 1135 sic

359 1156 400 1216 ,in
421 1156 530 1217 Latina
551 1155 683 1218 oratione
704 1154 827 1216 minime
848 1154 917 1216 satis
937 1151 1002 1229 est,
1021 1152 1129 1215 Latina
1149 1153 1168 1213 si
1189 1153 1246 1215 sint
1267 1173 1331 1215 ver·

367 1234 423 1307 ba,
447 1255 477 1296 ac
486 1251 564 1296 certa
578 1238 652 1295 inter
674 1235 700 1296 se
716 1235 830 1297 ratione
845 1232 1020 1303 coniuncla3
1038 1229 1234 1304 majusadhuc
1266 1232 1330 1302 uid-

367 1312 436 1375 dam
465 1313 577 1385 restat3
604 1315 633 1375 id
654 1332 751 1376 autem
773 1315 836 1390 est,
868 1335 933 1376 cum
955 1312 1051 1374 oratio
1072 1311 1129 1373 suis
1149 1313 1257 1374 lumini
1279 1333 1332 1388 us,

363 1393 481 1475 suisque
500 1393 661 1456 virtutibus
681 1392 816 1456 omnibus
837 1393 1046 1475 distinguitur,
1075 1408 1163 1474 atque
1184 1409 1328 1455 ornatur.

361 1474 422 1544 ¹Sed
443 1491 476 1536 ut
495 1470 576 1535 aliud
598 1474 649 1536 elle
670 1474 872 1539 Grammatice
891 1472 972 1555 loqui
989 1515 999 1547 ,
1019 1470 1098 1534 aliud
1120 1470 1266 1553 splendide
1287 1471 1331 1540 di·

369 1553 504 1616 cebamus
524 1576 532 1623 3
554 1552 591 1614 sic
611 1574 687 1615 nunc
708 1556 739 1615 in
763 1552 910 1635 splendida
929 1552 1061 1614 oratione
1082 1551 1171 1613 aliam
1196 1552 1256 1614 alia
1279 1549 1331 1614 else

363 1633 566 1715 probatiorem
583 1632 780 1695 ostendemus.
799 1636 860 1707 Ac,
879 1652 978 1712 neego
993 1630 1132 1694 nunctibi
1145 1647 1331 1700 atateseom·

361 1713 535 1788 misceam,
564 1731 597 1773 ac
615 1713 747 1774 Terentii
771 1712 851 1793 quast
871 1711 1041 1773 horridioris
1071 1710 1168 1782 nescio
1186 1710 1259 1793 quid
1280 1732 1330 1774 an·

369 1792 516 1873 tiquiratis
538 1793 685 1864 retinere,
714 1792 867 1865 Antonii,
896 1807 983 1874 atque
1003 1791 1098 1854 Crassi
1115 1789 1207 1871 paulo
1225 1790 1330 1856 cultio·

369 1892 430 1931 rem
453 1870 639 1942 saslamesle3
659 1872 808 1932 Ciceronis
818 1886 915 1932 autem
924 1885 1039 1932 aetatem
1049 1873 1150 1934 omnia
1159 1870 1329 1946 luminam·

369 1970 452 2011 mnes
470 1950 595 2013 virtutes
612 1949 784 2033 eloquentia
800 1950 924 2014 elludille
940 1950 1144 2032 comprobem
1160 1971 1249 2014 unam
1267 1967 1335 2013 tan·

369 2047 434 2092 tum
458 2028 589 2106 sumam,
607 2049 701 2112 neque
720 2050 786 2091 eam
806 2031 894 2092 etiam
919 2032 1061 2111 optimam
1079 2053 1087 2099 ς
1108 2032 1291 2111 quinetiam
1312 2050 1330 2092 a

363 2108 438 2188 ¹uiris
453 2108 599 2173 discedam
615 2110 681 2172 licet
697 2132 705 2179 ς
722 2127 810 2191 arque
828 2111 858 2170 in
875 2111 968 2172 altero
984 2111 1051 2184 sexu
1068 2111 1097 2171 id
1115 2109 1170 2171 tibi
1187 2130 1333 2193 exequar*

365 2185 438 2254 Non
466 2188 520 2250 sua
546 2190 635 2266 igitur
653 2190 745 2250 atatis
771 2192 880 2252 caeteris
903 2192 1048 2270 primariis
1069 2189 1198 2252 soeminis
1220 2191 1333 2253 Corne·

360 2267 449 2344 liam,
466 2268 626 2332 &Laeliam
635 2268 808 2351 splendidius
818 2270 928 2332 locutas
937 2269 1007 2345 elle,
1022 2270 1126 2336 Cicero
1140 2271 1275 2333 testatum
1286 2290 1329 2333 re·

363 2346 1330 2432 liquithuarumetiamalteraGraccborumlilioruminstitutioni

364 2480 367 2487 .
388 2430 527 2490 lurimum
545 2429 673 2511 profuit,
689 2429 781 2491 altera
796 2430 1023 2505 silias-Mum,¹
1035 2430 1066 2492 ἃ
1082 2430 1210 2491 Licinias
1228 2451 1265 2490 ne
1287 2446 1332 2491 tes

366 2448 558 2589 longeeffecit
568 2510 772 2587 elegantiores.
789 2510 842 2571 Sed
860 2510 909 2571 Dii
923 2508 1067 2584 facerent,
1082 2525 1114 2570 ut
1124 2451 1330 2583 nonitaeslet‚¹

368 2607 402 2648 ac
423 2608 525 2649 omnes
555 2609 591 2647 co
611 2586 697 2648 modo
720 2589 854 2650 homines
875 2589 1088 2668 loquerentur,
1115 2608 1174 2667 quo
1194 2586 1265 2647 boni
1289 2588 1331 2649 sa-

369 2667 451 2727 ciunt
470 2688 478 2736 ;
509 2687 601 2746 neque
624 2667 672 2726 hic
692 2668 778 2743 alio,
807 2668 857 2729 ille
877 2667 935 2729 alio
958 2668 1066 2728 Latina
1086 2663 1187 2726 abusus
1208 2667 1275 2726 esset
1297 2689 1329 2728 o·

366 2746 499 2813 ratione.
522 2746 616 2806 Nulla
637 2748 716 2807 enim
737 2768 815 2810 nunc
835 2766 907 2826 opus
927 2745 993 2806 esset
1013 2744 1044 2804 in
1061 2742 1207 2825 loquendo
1230 2744 1329 2808 imita·

369 2824 466 2884 tione.
487 2825 599 2885 Omnes
619 2827 698 2887 eninr
719 2848 754 2888 eo
775 2824 866 2886 modo
885 2824 1069 2905 loqueremur
1088 2823 1215 2905 optimed
1238 2824 1326 2888 Hanc

368 2903 486 2993 igitur,
506 2925 595 2985 quam
618 2926 672 2967 nos
693 2908 749 2968 hoc
767 2904 834 2966 loco
852 2897 1046 2983 probatiorem
1066 2904 1219 2988 quaerimus
1249 2904 1328 2969 locu-

369 2984 459 3045 tionis
481 2982 638 3060 sormam‚
666 3006 701 3046 ex
723 3004 783 3048 una
809 2982 1075 3064 probatishmotum
1104 2984 1265 3045 Auslorum
1288 2986 1326 3047 le·

369 3063 467 3124 stione
485 3065 593 3127 affidua
620 3067 747 3126 maxime
768 3062 954 3132 conficiemus
973 3111 991 3132 .,
1010 3068 1092 3134 Nam
1112 3080 1146 3126 ut
1164 3063 1282 3143 peffime
1302 3065 1326 3126 ii

368 3143 480 3223 semper
499 3160 610 3225 agunt,
631 3144 683 3228 qui
702 3142 854 3225 apeshmis
877 3163 1028 3228 nunquam
1049 3144 1198 3207 discedunt
1216 3145 1327 3208 Ausim

369 3222 471 3295 ribus3
493 3224 529 3283 sic
552 3223 623 3298 illi,
644 3224 696 3305 qui
718 3224 749 3285 in
770 3221 855 3286 bonis
878 3224 1039 3298 habitant,
1065 3241 1277 3304 nonnunquam
1298 3246 1329 3287 o

369 3303 486 3381 ptime3
516 3303 548 3363 hi
569 3320 693 3379 autem,
721 3305 773 3386 qui
796 3304 861 3367 sunt
892 3303 1080 3385 probatissimi
1103 3302 1243 3364 Auslores
1264 3349 1273 3380 ‚
1295 3305 1326 3368 in

368 3381 473 3461 quibus
496 3382 642 3463 legendis,
663 3404 697 3443 ac
715 3384 863 3445 versandis
883 3384 959 3445 hanc
980 3383 1092 3444 dicendi
1114 3380 1257 3458 formam,
1271 3404 1327 3467 que

369 3461 502 3522 omnium
529 3461 635 3534 judicio
656 3462 784 3523 maxime
805 3461 965 3543 probetur,
995 3461 1078 3523 nobis
1099 3463 1150 3542 ipsi
1179 3483 1327 3544 compare·

371 3559 461 3614 mus,
482 3542 503 3601 ii
545 3542 624 3603 rocul
640 3540 729 3602 dubio
752 3542 845 3617 sunt,
873 3542 923 3623 qui
947 3541 1096 3604 Ciceronis
1117 3559 1200 3603 atate
1224 3543 1327 3606 florue-

370 3636 453 3680 runt.
475 3563 616 3681 Sescum
638 3640 673 3680 ea
683 3637 746 3682 rota
765 3639 833 3684 atas
854 3622 940 3701 plane
961 3623 1083 3697 Latine,
1103 3639 1191 3704 atque
1211 3623 1326 3703 elegan-

371 3714 414 3760 ter
435 3699 534 3762 locuta
556 3700 613 3773 sit,
643 3719 717 3760 unus
748 3717 846 3762 tanten
872 3700 978 3766 Cicero
999 3703 1133 3764 omnium
1155 3702 1326 3783 elegantissi-

369 3798 417 3845 tne
438 3781 478 3841 est
496 3782 627 3842 locutus.
647 3779 721 3842 Pure
741 3782 861 3862 quidem
879 3780 957 3857 alii,
986 3782 1066 3863 quod
1085 3782 1125 3846 est
1144 3782 1178 3844 in
1196 3783 1332 3920 mpxima

1237 3881 1288 3923 au·
