<?xml version="1.0" encoding="UTF-8"?>
<!DOCTYPE html PUBLIC "-//W3C//DTD XHTML 1.0 Transitional//EN"
    "http://www.w3.org/TR/xhtml1/DTD/xhtml1-transitional.dtd">
<html xmlns="http://www.w3.org/1999/xhtml" xml:lang="en" lang="en">
 <head>
  <title>
</title>
<meta http-equiv="Content-Type" content="text/html;charset=utf-8" />
  <meta name='ocr-system' content='tesseract 3.04.00' />
  <meta name='ocr-capabilities' content='ocr_page ocr_carea ocr_par ocr_line ocrx_word'/>
</head>
<body>
  <div class='ocr_page' id='page_1' title='image "./operumtomusprim01riccgoog/operumtomusprim01riccgoog_0174.png"; bbox 0 0 3034 4559; ppageno 0'>
   <div class='ocr_carea' id='block_1_1' title="bbox 334 443 1308 3880">
    <p class='ocr_par' dir='ltr' id='par_1_1' title="bbox 334 443 1308 3880">
     <span class='ocr_line' id='line_1_1' title="bbox 390 443 1052 508; baseline -0.009 0"><span class='ocrx_word' id='word_1_1' title='bbox 390 444 448 508; x_wconf 84' lang='lat'>188</span> <span class='ocrx_word' id='word_1_2' title='bbox 608 443 860 505; x_wconf 83' lang='lat' dir='ltr'><strong><em>BARTHOL.</em></strong></span> <span class='ocrx_word' id='word_1_3' title='bbox 891 443 1052 504; x_wconf 74' lang='lat' dir='ltr'>Riccrr</span> 
     </span>
     <span class='ocr_line' id='line_1_2' title="bbox 347 519 1306 605; baseline -0.006 -17"><span class='ocrx_word' id='word_1_4' title='bbox 347 523 399 589; x_wconf 82' lang='lat' dir='ltr'>fim</span> <span class='ocrx_word' id='word_1_5' title='bbox 420 524 546 587; x_wconf 71' lang='lat' dir='ltr'>aelurus.</span> <span class='ocrx_word' id='word_1_6' title='bbox 572 523 652 584; x_wconf 84' lang='lat' dir='ltr'>Nam</span> <span class='ocrx_word' id='word_1_7' title='bbox 672 523 752 605; x_wconf 92' lang='lat' dir='ltr'>quod</span> <span class='ocrx_word' id='word_1_8' title='bbox 773 521 953 585; x_wconf 82' lang='lat' dir='ltr'>familiariter</span> <span class='ocrx_word' id='word_1_9' title='bbox 969 522 1044 583; x_wconf 87' lang='lat' dir='ltr'>inter</span> <span class='ocrx_word' id='word_1_10' title='bbox 1059 535 1113 583; x_wconf 81' lang='lat' dir='ltr'>nos</span> <span class='ocrx_word' id='word_1_11' title='bbox 1133 519 1306 600; x_wconf 79' lang='lat' dir='ltr'>agebamus,</span> 
     </span>
     <span class='ocr_line' id='line_1_3' title="bbox 349 598 1308 685; baseline -0.005 -18"><span class='ocrx_word' id='word_1_12' title='bbox 349 604 507 672; x_wconf 81' lang='lat' dir='ltr'><strong>admodum</strong></span> <span class='ocrx_word' id='word_1_13' title='bbox 538 603 601 664; x_wconf 89' lang='lat' dir='ltr'>leve</span> <span class='ocrx_word' id='word_1_14' title='bbox 622 620 709 676; x_wconf 86' lang='lat' dir='ltr'>erat,</span> <span class='ocrx_word' id='word_1_15' title='bbox 736 603 915 685; x_wconf 87' lang='lat' dir='ltr'>inquorum</span> <span class='ocrx_word' id='word_1_16' title='bbox 938 602 1065 663; x_wconf 84' lang='lat' dir='ltr'>sermone</span> <span class='ocrx_word' id='word_1_17' title='bbox 1085 599 1185 662; x_wconf 88' lang='lat' dir='ltr'>nullus</span> <span class='ocrx_word' id='word_1_18' title='bbox 1208 598 1308 663; x_wconf 88' lang='lat' dir='ltr'>verbo·</span> 
     </span>
     <span class='ocr_line' id='line_1_4' title="bbox 343 678 1307 765; baseline -0.003 -20"><span class='ocrx_word' id='word_1_19' title='bbox 343 704 412 756; x_wconf 74' lang='lat' dir='ltr'>,tum</span> <span class='ocrx_word' id='word_1_20' title='bbox 433 682 582 756; x_wconf 72' lang='lat' dir='ltr'>delestus,</span> <span class='ocrx_word' id='word_1_21' title='bbox 610 681 707 743; x_wconf 89' lang='lat' dir='ltr'>nullus</span> <span class='ocrx_word' id='word_1_22' title='bbox 727 681 853 765; x_wconf 87' lang='lat' dir='ltr'>reliquus</span> <span class='ocrx_word' id='word_1_23' title='bbox 873 698 991 744; x_wconf 87' lang='lat' dir='ltr'>ornatus</span> <span class='ocrx_word' id='word_1_24' title='bbox 1013 678 1241 762; x_wconf 84' lang='lat' dir='ltr'>inquirebatur3</span> <span class='ocrx_word' id='word_1_25' title='bbox 1268 679 1307 742; x_wconf 88' lang='lat' dir='ltr'>sa·</span> 
     </span>
     <span class='ocr_line' id='line_1_5' title="bbox 349 759 1308 901; baseline -0.004 -76"><span class='ocrx_word' id='word_1_26' title='bbox 349 764 388 826; x_wconf 88' lang='lat' dir='ltr'>tis</span> <span class='ocrx_word' id='word_1_27' title='bbox 407 766 486 825; x_wconf 85' lang='lat' dir='ltr'>enirn</span> <span class='ocrx_word' id='word_1_28' title='bbox 513 761 634 901; x_wconf 62' lang='lat' dir='ltr'>quispue</span> <span class='ocrx_word' id='word_1_29' title='bbox 663 760 790 824; x_wconf 86' lang='lat' dir='ltr'>nostrum</span> <span class='ocrx_word' id='word_1_30' title='bbox 812 760 962 836; x_wconf 87' lang='lat' dir='ltr'>habebat,</span> <span class='ocrx_word' id='word_1_31' title='bbox 991 760 1010 821; x_wconf 87' lang='lat' dir='ltr'>sr</span> <span class='ocrx_word' id='word_1_32' title='bbox 1032 779 1093 822; x_wconf 89' lang='lat' dir='ltr'>tem</span> <span class='ocrx_word' id='word_1_33' title='bbox 1124 759 1243 840; x_wconf 85' lang='lat' dir='ltr'>planius</span> <span class='ocrx_word' id='word_1_34' title='bbox 1263 780 1308 821; x_wconf 81' lang='lat' dir='ltr'>ex·</span> 
     </span>
     <span class='ocr_line' id='line_1_6' title="bbox 372 839 1308 912; baseline -0.004 -7"><span class='ocrx_word' id='word_1_35' title='bbox 372 843 488 905; x_wconf 87' lang='lat' dir='ltr'>licatam</span> <span class='ocrx_word' id='word_1_36' title='bbox 508 840 575 903; x_wconf 85' lang='lat' dir='ltr'>audi</span> <span class='ocrx_word' id='word_1_37' title='bbox 598 857 654 912; x_wconf 87' lang='lat' dir='ltr'>et;</span> <span class='ocrx_word' id='word_1_38' title='bbox 683 860 760 903; x_wconf 89' lang='lat' dir='ltr'>nuuc</span> <span class='ocrx_word' id='word_1_39' title='bbox 784 861 855 903; x_wconf 90' lang='lat' dir='ltr'>vero</span> <span class='ocrx_word' id='word_1_40' title='bbox 876 842 981 903; x_wconf 86' lang='lat' dir='ltr'>horum</span> <span class='ocrx_word' id='word_1_41' title='bbox 1002 839 1125 901; x_wconf 89' lang='lat' dir='ltr'>duorum</span> <span class='ocrx_word' id='word_1_42' title='bbox 1148 840 1264 901; x_wconf 76' lang='lat' dir='ltr'>Latine</span> <span class='ocrx_word' id='word_1_43' title='bbox 1282 859 1308 901; x_wconf 85' lang='lat' dir='ltr'>e·</span> 
     </span>
     <span class='ocr_line' id='line_1_7' title="bbox 348 862 1306 1005; baseline -0.004 -21"><span class='ocrx_word' id='word_1_44' title='bbox 348 862 503 1005; x_wconf 71' lang='lat' dir='ltr'>soquentiae</span> <span class='ocrx_word' id='word_1_45' title='bbox 522 919 668 983; x_wconf 90' lang='lat' dir='ltr'>luminum</span> <span class='ocrx_word' id='word_1_46' title='bbox 689 918 868 995; x_wconf 78' lang='lat' dir='ltr'>accessione,</span> <span class='ocrx_word' id='word_1_47' title='bbox 887 922 911 982; x_wconf 92' lang='lat' dir='ltr'>is</span> <span class='ocrx_word' id='word_1_48' title='bbox 935 919 1016 986; x_wconf 86' lang='lat' dir='ltr'>labor</span> <span class='ocrx_word' id='word_1_49' title='bbox 1035 918 1172 993; x_wconf 81' lang='lat' dir='ltr'>accessit,</span> <span class='ocrx_word' id='word_1_50' title='bbox 1199 934 1232 981; x_wconf 92' lang='lat' dir='ltr'>ut</span> <span class='ocrx_word' id='word_1_51' title='bbox 1253 919 1306 985; x_wconf 87' lang='lat' dir='ltr'>mi·</span> 
     </span>
     <span class='ocr_line' id='line_1_8' title="bbox 346 997 1304 1081; baseline -0.002 -17"><span class='ocrx_word' id='word_1_52' title='bbox 346 1002 380 1064; x_wconf 89' lang='lat' dir='ltr'>hi</span> <span class='ocrx_word' id='word_1_53' title='bbox 400 1002 434 1063; x_wconf 92' lang='lat' dir='ltr'>sit</span> <span class='ocrx_word' id='word_1_54' title='bbox 453 999 606 1081; x_wconf 87' lang='lat' dir='ltr'>diligenter</span> <span class='ocrx_word' id='word_1_55' title='bbox 625 1000 801 1075; x_wconf 85' lang='lat' dir='ltr'>videndum,</span> <span class='ocrx_word' id='word_1_56' title='bbox 816 1020 858 1063; x_wconf 89' lang='lat' dir='ltr'>ne</span> <span class='ocrx_word' id='word_1_57' title='bbox 877 1000 937 1061; x_wconf 90' lang='lat' dir='ltr'>illis</span> <span class='ocrx_word' id='word_1_58' title='bbox 954 997 1134 1062; x_wconf 87' lang='lat' dir='ltr'>stomachum</span> <span class='ocrx_word' id='word_1_59' title='bbox 1150 1018 1304 1075; x_wconf 78' lang='lat' dir='ltr'>moveam,</span> 
     </span>
     <span class='ocr_line' id='line_1_9' title="bbox 347 1077 1307 1154; baseline -0.003 -12"><span class='ocrx_word' id='word_1_60' title='bbox 347 1081 369 1142; x_wconf 88' lang='lat' dir='ltr'>fi</span> <span class='ocrx_word' id='word_1_61' title='bbox 406 1081 463 1142; x_wconf 93' lang='lat' dir='ltr'>uod</span> <span class='ocrx_word' id='word_1_62' title='bbox 487 1080 560 1141; x_wconf 92' lang='lat' dir='ltr'>mihi</span> <span class='ocrx_word' id='word_1_63' title='bbox 577 1079 697 1142; x_wconf 87' lang='lat' dir='ltr'>verbum</span> <span class='ocrx_word' id='word_1_64' title='bbox 720 1097 772 1142; x_wconf 89' lang='lat' dir='ltr'>aut</span> <span class='ocrx_word' id='word_1_65' title='bbox 788 1079 938 1142; x_wconf 85' lang='lat' dir='ltr'>barbarum</span> <span class='ocrx_word' id='word_1_66' title='bbox 956 1124 965 1154; x_wconf 95' lang='lat'>,</span> <span class='ocrx_word' id='word_1_67' title='bbox 985 1096 1035 1144; x_wconf 75' lang='lat' dir='ltr'>eut</span> <span class='ocrx_word' id='word_1_68' title='bbox 1061 1077 1242 1140; x_wconf 85' lang='lat' dir='ltr'>abonorum</span> <span class='ocrx_word' id='word_1_69' title='bbox 1259 1079 1307 1145; x_wconf 84' lang='lat' dir='ltr'>usu</span> 
     </span>
     <span class='ocr_line' id='line_1_10' title="bbox 347 1102 1307 1249; baseline -0.003 -27"><span class='ocrx_word' id='word_1_70' title='bbox 347 1102 520 1235; x_wconf 60' lang='lat' dir='ltr'>exslusum,</span> <span class='ocrx_word' id='word_1_71' title='bbox 540 1176 589 1221; x_wconf 89' lang='lat' dir='ltr'>aut</span> <span class='ocrx_word' id='word_1_72' title='bbox 614 1162 703 1222; x_wconf 86' lang='lat' dir='ltr'>etiam</span> <span class='ocrx_word' id='word_1_73' title='bbox 729 1160 826 1221; x_wconf 89' lang='lat' dir='ltr'>minus</span> <span class='ocrx_word' id='word_1_74' title='bbox 844 1161 945 1222; x_wconf 88' lang='lat' dir='ltr'>tritum</span> <span class='ocrx_word' id='word_1_75' title='bbox 970 1158 1184 1249; x_wconf 81' lang='lat' dir='ltr'>imprudentius</span> <span class='ocrx_word' id='word_1_76' title='bbox 1202 1159 1307 1220; x_wconf 82' lang='lat' dir='ltr'>excide-</span> 
     </span>
     <span class='ocr_line' id='line_1_11' title="bbox 348 1236 1308 1319; baseline 0 -18"><span class='ocrx_word' id='word_1_77' title='bbox 348 1241 403 1301; x_wconf 87' lang='lat' dir='ltr'>rit.</span> <span class='ocrx_word' id='word_1_78' title='bbox 422 1240 502 1301; x_wconf 90' lang='lat' dir='ltr'>Tum</span> <span class='ocrx_word' id='word_1_79' title='bbox 521 1237 685 1310; x_wconf 86' lang='lat' dir='ltr'>Amasejus.</span> <span class='ocrx_word' id='word_1_80' title='bbox 704 1238 791 1302; x_wconf 88' lang='lat' dir='ltr'>Nihil</span> <span class='ocrx_word' id='word_1_81' title='bbox 807 1239 870 1314; x_wconf 89' lang='lat' dir='ltr'>est,</span> <span class='ocrx_word' id='word_1_82' title='bbox 894 1240 1041 1312; x_wconf 86' lang='lat' dir='ltr'>Flamini,</span> <span class='ocrx_word' id='word_1_83' title='bbox 1057 1254 1090 1299; x_wconf 88' lang='lat' dir='ltr'>ut</span> <span class='ocrx_word' id='word_1_84' title='bbox 1107 1254 1136 1299; x_wconf 86' lang='lat' dir='ltr'>te</span> <span class='ocrx_word' id='word_1_85' title='bbox 1153 1236 1239 1301; x_wconf 90' lang='lat' dir='ltr'>nobis</span> <span class='ocrx_word' id='word_1_86' title='bbox 1256 1238 1308 1319; x_wconf 90' lang='lat' dir='ltr'>[ut</span> 
     </span>
     <span class='ocr_line' id='line_1_12' title="bbox 347 1317 1307 1458; baseline -0.002 -77"><span class='ocrx_word' id='word_1_87' title='bbox 347 1339 400 1401; x_wconf 91' lang='lat' dir='ltr'>pro</span> <span class='ocrx_word' id='word_1_88' title='bbox 425 1318 596 1381; x_wconf 87' lang='lat' dir='ltr'>Bonamicio</span> <span class='ocrx_word' id='word_1_89' title='bbox 618 1320 709 1381; x_wconf 89' lang='lat' dir='ltr'>etiarn</span> <span class='ocrx_word' id='word_1_90' title='bbox 731 1318 827 1380; x_wconf 88' lang='lat' dir='ltr'>dicam</span> <span class='ocrx_word' id='word_1_91' title='bbox 844 1317 860 1458; x_wconf 52' lang='lat' dir='ltr'>p</span> <span class='ocrx_word' id='word_1_92' title='bbox 878 1320 920 1383; x_wconf 87' lang='lat' dir='ltr'>ita</span> <span class='ocrx_word' id='word_1_93' title='bbox 944 1318 1081 1392; x_wconf 81' lang='lat' dir='ltr'>excuses,</span> <span class='ocrx_word' id='word_1_94' title='bbox 1101 1317 1152 1399; x_wconf 93' lang='lat' dir='ltr'>qui</span> <span class='ocrx_word' id='word_1_95' title='bbox 1179 1318 1307 1394; x_wconf 90' lang='lat' dir='ltr'>scimus,</span> 
     </span>
     <span class='ocr_line' id='line_1_13' title="bbox 348 1398 1306 1481; baseline -0.002 -20"><span class='ocrx_word' id='word_1_96' title='bbox 348 1415 492 1481; x_wconf 89' lang='lat' dir='ltr'>quantum</span> <span class='ocrx_word' id='word_1_97' title='bbox 510 1415 561 1460; x_wconf 84' lang='lat' dir='ltr'>tua</span> <span class='ocrx_word' id='word_1_98' title='bbox 575 1398 679 1481; x_wconf 89' lang='lat' dir='ltr'>scripta</span> <span class='ocrx_word' id='word_1_99' title='bbox 693 1414 755 1460; x_wconf 86' lang='lat' dir='ltr'>tam</span> <span class='ocrx_word' id='word_1_100' title='bbox 771 1399 802 1461; x_wconf 91' lang='lat' dir='ltr'>in</span> <span class='ocrx_word' id='word_1_101' title='bbox 819 1399 850 1460; x_wconf 92' lang='lat' dir='ltr'>so</span> <span class='ocrx_word' id='word_1_102' title='bbox 863 1416 914 1461; x_wconf 91' lang='lat' dir='ltr'>uta</span> <span class='ocrx_word' id='word_1_103' title='bbox 930 1400 1060 1460; x_wconf 82' lang='lat' dir='ltr'>oratione</span> <span class='ocrx_word' id='word_1_104' title='bbox 1079 1442 1089 1473; x_wconf 96' lang='lat'>,</span> <span class='ocrx_word' id='word_1_105' title='bbox 1108 1417 1201 1479; x_wconf 85' lang='lat' dir='ltr'>quarn</span> <span class='ocrx_word' id='word_1_106' title='bbox 1218 1400 1306 1460; x_wconf 88' lang='lat' dir='ltr'>etiam</span> 
     </span>
     <span class='ocr_line' id='line_1_14' title="bbox 346 1476 1307 1561; baseline -0.001 -21"><span class='ocrx_word' id='word_1_107' title='bbox 346 1479 379 1540; x_wconf 91' lang='lat' dir='ltr'>in</span> <span class='ocrx_word' id='word_1_108' title='bbox 402 1479 530 1540; x_wconf 85' lang='lat' dir='ltr'>carmine</span> <span class='ocrx_word' id='word_1_109' title='bbox 553 1498 620 1540; x_wconf 92' lang='lat' dir='ltr'>cum</span> <span class='ocrx_word' id='word_1_110' title='bbox 647 1494 777 1541; x_wconf 89' lang='lat' dir='ltr'>veterum</span> <span class='ocrx_word' id='word_1_111' title='bbox 804 1477 914 1559; x_wconf 90' lang='lat' dir='ltr'>scriptis</span> <span class='ocrx_word' id='word_1_112' title='bbox 936 1476 1139 1552; x_wconf 85' lang='lat' dir='ltr'>contendant,</span> <span class='ocrx_word' id='word_1_113' title='bbox 1158 1498 1250 1561; x_wconf 89' lang='lat' dir='ltr'>quam</span> <span class='ocrx_word' id='word_1_114' title='bbox 1273 1499 1307 1539; x_wconf 92' lang='lat' dir='ltr'>ue</span> 
     </span>
     <span class='ocr_line' id='line_1_15' title="bbox 348 1498 1306 1640; baseline 0 -22"><span class='ocrx_word' id='word_1_115' title='bbox 348 1575 499 1639; x_wconf 89' lang='lat' dir='ltr'>promptus</span> <span class='ocrx_word' id='word_1_116' title='bbox 523 1558 557 1619; x_wconf 89' lang='lat' dir='ltr'>sis</span> <span class='ocrx_word' id='word_1_117' title='bbox 573 1558 662 1620; x_wconf 91' lang='lat' dir='ltr'>etiam</span> <span class='ocrx_word' id='word_1_118' title='bbox 686 1578 721 1618; x_wconf 82' lang='lat' dir='ltr'>ex</span> <span class='ocrx_word' id='word_1_119' title='bbox 745 1574 876 1639; x_wconf 90' lang='lat' dir='ltr'>tempore</span> <span class='ocrx_word' id='word_1_120' title='bbox 901 1558 1066 1639; x_wconf 88' lang='lat' dir='ltr'>perpolite,</span> <span class='ocrx_word' id='word_1_121' title='bbox 1087 1573 1178 1640; x_wconf 87' lang='lat' dir='ltr'>atque</span> <span class='ocrx_word' id='word_1_122' title='bbox 1202 1498 1306 1638; x_wconf 69' lang='lat' dir='ltr'>pesele-</span> 
     </span>
     <span class='ocr_line' id='line_1_16' title="bbox 347 1637 1305 1720; baseline 0.001 -22"><span class='ocrx_word' id='word_1_123' title='bbox 347 1654 451 1719; x_wconf 86' lang='lat' dir='ltr'>ganter</span> <span class='ocrx_word' id='word_1_124' title='bbox 467 1637 575 1699; x_wconf 88' lang='lat' dir='ltr'>dicere.</span> <span class='ocrx_word' id='word_1_125' title='bbox 591 1637 625 1699; x_wconf 92' lang='lat' dir='ltr'>Id</span> <span class='ocrx_word' id='word_1_126' title='bbox 641 1637 805 1720; x_wconf 89' lang='lat' dir='ltr'>quodcum</span> <span class='ocrx_word' id='word_1_127' title='bbox 821 1657 921 1698; x_wconf 89' lang='lat' dir='ltr'>omnes</span> <span class='ocrx_word' id='word_1_128' title='bbox 937 1637 1138 1709; x_wconf 77' lang='lat' dir='ltr'>affirmassent,</span> <span class='ocrx_word' id='word_1_129' title='bbox 1158 1653 1224 1700; x_wconf 91' lang='lat' dir='ltr'>tum</span> <span class='ocrx_word' id='word_1_130' title='bbox 1242 1638 1305 1699; x_wconf 81' lang='lat' dir='ltr'>Fla·</span> 
     </span>
     <span class='ocr_line' id='line_1_17' title="bbox 350 1714 1305 1800; baseline 0.003 -24"><span class='ocrx_word' id='word_1_131' title='bbox 350 1716 459 1795; x_wconf 85' lang='lat' dir='ltr'>minius</span> <span class='ocrx_word' id='word_1_132' title='bbox 479 1716 516 1777; x_wconf 85' lang='lat' dir='ltr'>fic</span> <span class='ocrx_word' id='word_1_133' title='bbox 531 1716 646 1778; x_wconf 87' lang='lat' dir='ltr'>exorsus</span> <span class='ocrx_word' id='word_1_134' title='bbox 664 1716 703 1777; x_wconf 88' lang='lat' dir='ltr'>est</span> <span class='ocrx_word' id='word_1_135' title='bbox 724 1762 732 1776; x_wconf 90' lang='lat'><strong>.</strong></span> <span class='ocrx_word' id='word_1_136' title='bbox 763 1714 935 1800; x_wconf 83' lang='lat' dir='ltr'>Equidem,</span> <span class='ocrx_word' id='word_1_137' title='bbox 964 1716 1050 1788; x_wconf 88' lang='lat' dir='ltr'>Deli,</span> <span class='ocrx_word' id='word_1_138' title='bbox 1070 1715 1218 1787; x_wconf 82' lang='lat' dir='ltr'>iudicium</span> <span class='ocrx_word' id='word_1_139' title='bbox 1235 1717 1305 1793; x_wconf 89' lang='lat' dir='ltr'>hoc,</span> 
     </span>
     <span class='ocr_line' id='line_1_18' title="bbox 347 1794 1306 1876; baseline 0.002 -20"><span class='ocrx_word' id='word_1_140' title='bbox 347 1795 459 1876; x_wconf 86' lang='lat' dir='ltr'>dequo</span> <span class='ocrx_word' id='word_1_141' title='bbox 483 1815 559 1856; x_wconf 91' lang='lat' dir='ltr'>nunc</span> <span class='ocrx_word' id='word_1_142' title='bbox 578 1816 631 1856; x_wconf 87' lang='lat' dir='ltr'>nos</span> <span class='ocrx_word' id='word_1_143' title='bbox 647 1795 762 1875; x_wconf 84' lang='lat' dir='ltr'>agimus</span> <span class='ocrx_word' id='word_1_144' title='bbox 778 1841 788 1871; x_wconf 97' lang='lat'>,</span> <span class='ocrx_word' id='word_1_145' title='bbox 806 1818 825 1857; x_wconf 84' lang='lat' dir='ltr'>a</span> <span class='ocrx_word' id='word_1_146' title='bbox 847 1812 952 1858; x_wconf 83' lang='lat' dir='ltr'>natura</span> <span class='ocrx_word' id='word_1_147' title='bbox 976 1794 1087 1857; x_wconf 91' lang='lat' dir='ltr'>homini</span> <span class='ocrx_word' id='word_1_148' title='bbox 1104 1796 1199 1875; x_wconf 84' lang='lat' dir='ltr'>magis</span> <span class='ocrx_word' id='word_1_149' title='bbox 1220 1795 1306 1872; x_wconf 79' lang='lat' dir='ltr'>dari„</span> 
     </span>
     <span class='ocr_line' id='line_1_19' title="bbox 369 1872 1305 1956; baseline 0.001 -21"><span class='ocrx_word' id='word_1_150' title='bbox 369 1894 439 1935; x_wconf 90' lang='lat' dir='ltr'>uam</span> <span class='ocrx_word' id='word_1_151' title='bbox 462 1872 516 1935; x_wconf 87' lang='lat' dir='ltr'>illa</span> <span class='ocrx_word' id='word_1_152' title='bbox 540 1890 591 1935; x_wconf 89' lang='lat' dir='ltr'>tua</span> <span class='ocrx_word' id='word_1_153' title='bbox 613 1894 707 1936; x_wconf 89' lang='lat' dir='ltr'>terum</span> <span class='ocrx_word' id='word_1_154' title='bbox 736 1875 905 1954; x_wconf 84' lang='lat' dir='ltr'>cognitione</span> <span class='ocrx_word' id='word_1_155' title='bbox 933 1882 1119 1956; x_wconf 88' lang='lat' dir='ltr'>comparati,</span> <span class='ocrx_word' id='word_1_156' title='bbox 1149 1876 1305 1939; x_wconf 85' lang='lat' dir='ltr'>existimo.</span> 
     </span>
     <span class='ocr_line' id='line_1_20' title="bbox 380 1952 1305 2036; baseline 0.001 -21"><span class='ocrx_word' id='word_1_157' title='bbox 380 1974 414 2015; x_wconf 93' lang='lat' dir='ltr'>oc</span> <span class='ocrx_word' id='word_1_158' title='bbox 430 1968 528 2013; x_wconf 87' lang='lat' dir='ltr'>autem</span> <span class='ocrx_word' id='word_1_159' title='bbox 553 1971 586 2014; x_wconf 91' lang='lat' dir='ltr'>ut</span> <span class='ocrx_word' id='word_1_160' title='bbox 603 1952 725 2015; x_wconf 88' lang='lat' dir='ltr'>sentiam</span> <span class='ocrx_word' id='word_1_161' title='bbox 741 1953 862 2031; x_wconf 82' lang='lat' dir='ltr'>,tribus</span> <span class='ocrx_word' id='word_1_162' title='bbox 885 1954 961 2016; x_wconf 91' lang='lat' dir='ltr'>hisce</span> <span class='ocrx_word' id='word_1_163' title='bbox 985 1954 1166 2036; x_wconf 79' lang='lat' dir='ltr'>potissimum</span> <span class='ocrx_word' id='word_1_164' title='bbox 1189 1956 1305 2017; x_wconf 80' lang='lat' dir='ltr'>tationi-</span> 
     </span>
     <span class='ocr_line' id='line_1_21' title="bbox 347 2031 1305 2116; baseline 0.003 -22"><span class='ocrx_word' id='word_1_165' title='bbox 347 2031 399 2095; x_wconf 89' lang='lat' dir='ltr'>bus</span> <span class='ocrx_word' id='word_1_166' title='bbox 423 2031 564 2094; x_wconf 87' lang='lat' dir='ltr'>adducor.</span> <span class='ocrx_word' id='word_1_167' title='bbox 593 2034 725 2096; x_wconf 89' lang='lat' dir='ltr'>Primum</span> <span class='ocrx_word' id='word_1_168' title='bbox 740 2078 750 2108; x_wconf 92' lang='lat'>,</span> <span class='ocrx_word' id='word_1_169' title='bbox 765 2033 859 2116; x_wconf 79' lang='lat' dir='ltr'>·quod</span> <span class='ocrx_word' id='word_1_170' title='bbox 883 2033 973 2109; x_wconf 90' lang='lat' dir='ltr'>sunt,</span> <span class='ocrx_word' id='word_1_171' title='bbox 998 2035 1049 2116; x_wconf 93' lang='lat' dir='ltr'>qui</span> <span class='ocrx_word' id='word_1_172' title='bbox 1074 2034 1189 2096; x_wconf 89' lang='lat' dir='ltr'>nullam</span> <span class='ocrx_word' id='word_1_173' title='bbox 1212 2056 1305 2099; x_wconf 89' lang='lat' dir='ltr'>return</span> 
     </span>
     <span class='ocr_line' id='line_1_22' title="bbox 334 2112 1307 2197; baseline 0.003 -22"><span class='ocrx_word' id='word_1_174' title='bbox 334 2112 546 2194; x_wconf 79' lang='lat' dir='ltr'>‘cognitionem</span> <span class='ocrx_word' id='word_1_175' title='bbox 561 2112 686 2175; x_wconf 89' lang='lat' dir='ltr'>calleant</span> <span class='ocrx_word' id='word_1_176' title='bbox 700 2159 711 2190; x_wconf 90' lang='lat'>,</span> <span class='ocrx_word' id='word_1_177' title='bbox 725 2134 818 2197; x_wconf 88' lang='lat' dir='ltr'>neque</span> <span class='ocrx_word' id='word_1_178' title='bbox 835 2114 928 2177; x_wconf 88' lang='lat' dir='ltr'>ullum</span> <span class='ocrx_word' id='word_1_179' title='bbox 945 2114 1025 2176; x_wconf 91' lang='lat' dir='ltr'>usum</span> <span class='ocrx_word' id='word_1_180' title='bbox 1043 2115 1193 2191; x_wconf 85' lang='lat' dir='ltr'>habeant,</span> <span class='ocrx_word' id='word_1_181' title='bbox 1217 2116 1250 2178; x_wconf 76' lang='grc' dir='ltr'>δι</span> <span class='ocrx_word' id='word_1_182' title='bbox 1266 2133 1307 2178; x_wconf 85' lang='lat' dir='ltr'>ta·</span> 
     </span>
     <span class='ocr_line' id='line_1_23' title="bbox 348 2193 1304 2282; baseline 0.004 -29"><span class='ocrx_word' id='word_1_183' title='bbox 348 2212 416 2253; x_wconf 88' lang='lat' dir='ltr'>men</span> <span class='ocrx_word' id='word_1_184' title='bbox 432 2195 588 2282; x_wconf 83' lang='lat' dir='ltr'>prudenter</span> <span class='ocrx_word' id='word_1_185' title='bbox 604 2193 731 2265; x_wconf 81' lang='lat' dir='ltr'>judicent</span> <span class='ocrx_word' id='word_1_186' title='bbox 749 2215 759 2265; x_wconf 79' lang='lat'>3</span> <span class='ocrx_word' id='word_1_187' title='bbox 782 2194 908 2268; x_wconf 88' lang='lat' dir='ltr'>deinde,</span> <span class='ocrx_word' id='word_1_188' title='bbox 932 2195 1011 2276; x_wconf 90' lang='lat' dir='ltr'>quod</span> <span class='ocrx_word' id='word_1_189' title='bbox 1027 2212 1129 2255; x_wconf 89' lang='lat' dir='ltr'>contra</span> <span class='ocrx_word' id='word_1_190' title='bbox 1144 2216 1206 2257; x_wconf 92' lang='lat' dir='ltr'>non</span> <span class='ocrx_word' id='word_1_191' title='bbox 1224 2196 1304 2277; x_wconf 86' lang='lat' dir='ltr'>pauci</span> 
     </span>
     <span class='ocr_line' id='line_1_24' title="bbox 335 2273 1306 2359; baseline 0.006 -27"><span class='ocrx_word' id='word_1_192' title='bbox 335 2289 555 2353; x_wconf 71' lang='lat' dir='ltr'>=reperruntur,</span> <span class='ocrx_word' id='word_1_193' title='bbox 579 2273 632 2354; x_wconf 92' lang='lat' dir='ltr'>qui</span> <span class='ocrx_word' id='word_1_194' title='bbox 649 2274 680 2337; x_wconf 88' lang='lat' dir='ltr'>in</span> <span class='ocrx_word' id='word_1_195' title='bbox 703 2275 816 2336; x_wconf 90' lang='lat' dir='ltr'>summa</span> <span class='ocrx_word' id='word_1_196' title='bbox 831 2294 925 2336; x_wconf 88' lang='lat' dir='ltr'>rerum</span> <span class='ocrx_word' id='word_1_197' title='bbox 943 2274 1134 2354; x_wconf 85' lang='lat' dir='ltr'>cognitione,</span> <span class='ocrx_word' id='word_1_198' title='bbox 1158 2291 1247 2359; x_wconf 90' lang='lat' dir='ltr'>atque</span> <span class='ocrx_word' id='word_1_199' title='bbox 1262 2296 1306 2338; x_wconf 82' lang='lat' dir='ltr'>ea·</span> 
     </span>
     <span class='ocr_line' id='line_1_25' title="bbox 346 2353 1306 2436; baseline 0.005 -24"><span class='ocrx_word' id='word_1_200' title='bbox 346 2371 412 2413; x_wconf 87' lang='lat' dir='ltr'>rum</span> <span class='ocrx_word' id='word_1_201' title='bbox 437 2353 685 2433; x_wconf 71' lang='lat' dir='ltr'>pertrallatione,</span> <span class='ocrx_word' id='word_1_202' title='bbox 704 2355 788 2417; x_wconf 90' lang='lat' dir='ltr'>omni</span> <span class='ocrx_word' id='word_1_203' title='bbox 803 2371 901 2417; x_wconf 89' lang='lat' dir='ltr'>tamen</span> <span class='ocrx_word' id='word_1_204' title='bbox 917 2355 1029 2426; x_wconf 89' lang='lat' dir='ltr'>Judicio</span> <span class='ocrx_word' id='word_1_205' title='bbox 1052 2370 1151 2416; x_wconf 86' lang='lat' dir='ltr'>carent</span> <span class='ocrx_word' id='word_1_206' title='bbox 1168 2376 1177 2425; x_wconf 91' lang='lat'>;</span> <span class='ocrx_word' id='word_1_207' title='bbox 1204 2358 1306 2436; x_wconf 85' lang='lat' dir='ltr'>poslre·</span> 
     </span>
     <span class='ocr_line' id='line_1_26' title="bbox 345 2432 1305 2517; baseline 0.001 -25"><span class='ocrx_word' id='word_1_208' title='bbox 345 2450 423 2506; x_wconf 91' lang='lat' dir='ltr'>mo,</span> <span class='ocrx_word' id='word_1_209' title='bbox 447 2432 526 2513; x_wconf 94' lang='lat' dir='ltr'>quod</span> <span class='ocrx_word' id='word_1_210' title='bbox 551 2432 586 2493; x_wconf 91' lang='lat' dir='ltr'>de</span> <span class='ocrx_word' id='word_1_211' title='bbox 611 2454 669 2495; x_wconf 87' lang='lat' dir='ltr'>una</span> <span class='ocrx_word' id='word_1_212' title='bbox 684 2478 699 2513; x_wconf 96' lang='lat'>,</span> <span class='ocrx_word' id='word_1_213' title='bbox 719 2452 808 2517; x_wconf 87' lang='lat' dir='ltr'>atque</span> <span class='ocrx_word' id='word_1_214' title='bbox 832 2435 932 2497; x_wconf 85' lang='lat' dir='ltr'>eadem</span> <span class='ocrx_word' id='word_1_215' title='bbox 958 2454 986 2495; x_wconf 91' lang='lat' dir='ltr'>re</span> <span class='ocrx_word' id='word_1_216' title='bbox 1010 2434 1061 2494; x_wconf 87' lang='lat' dir='ltr'>alii</span> <span class='ocrx_word' id='word_1_217' title='bbox 1079 2434 1137 2495; x_wconf 87' lang='lat' dir='ltr'>alia</span> <span class='ocrx_word' id='word_1_218' title='bbox 1163 2434 1305 2497; x_wconf 85' lang='lat' dir='ltr'>sentiunt.</span> 
     </span>
     <span class='ocr_line' id='line_1_27' title="bbox 345 2510 1302 2596; baseline 0.005 -24"><span class='ocrx_word' id='word_1_219' title='bbox 345 2512 391 2572; x_wconf 81' lang='lat' dir='ltr'>Ac</span> <span class='ocrx_word' id='word_1_220' title='bbox 407 2510 486 2592; x_wconf 92' lang='lat' dir='ltr'>quod</span> <span class='ocrx_word' id='word_1_221' title='bbox 511 2510 661 2574; x_wconf 87' lang='lat' dir='ltr'>adrerum</span> <span class='ocrx_word' id='word_1_222' title='bbox 683 2514 825 2594; x_wconf 88' lang='lat' dir='ltr'>ignaros,</span> <span class='ocrx_word' id='word_1_223' title='bbox 849 2515 903 2596; x_wconf 92' lang='lat' dir='ltr'>qui</span> <span class='ocrx_word' id='word_1_224' title='bbox 928 2531 1025 2576; x_wconf 86' lang='lat' dir='ltr'>temen</span> <span class='ocrx_word' id='word_1_225' title='bbox 1050 2513 1126 2574; x_wconf 71' lang='lat' dir='ltr'>recle</span> <span class='ocrx_word' id='word_1_226' title='bbox 1149 2513 1302 2588; x_wconf 87' lang='lat' dir='ltr'>sentiunt;</span> 
     </span>
     <span class='ocr_line' id='line_1_28' title="bbox 345 2591 1305 2676; baseline 0.005 -24"><span class='ocrx_word' id='word_1_227' title='bbox 345 2591 476 2652; x_wconf 88' lang='lat' dir='ltr'>videmus</span> <span class='ocrx_word' id='word_1_228' title='bbox 493 2609 594 2670; x_wconf 91' lang='lat' dir='ltr'>pueros</span> <span class='ocrx_word' id='word_1_229' title='bbox 611 2637 620 2666; x_wconf 97' lang='lat'>,</span> <span class='ocrx_word' id='word_1_230' title='bbox 637 2592 688 2673; x_wconf 93' lang='lat' dir='ltr'>qui</span> <span class='ocrx_word' id='word_1_231' title='bbox 706 2594 802 2654; x_wconf 88' lang='lat' dir='ltr'>omnis</span> <span class='ocrx_word' id='word_1_232' title='bbox 820 2614 914 2655; x_wconf 87' lang='lat' dir='ltr'>rerum</span> <span class='ocrx_word' id='word_1_233' title='bbox 932 2592 1108 2674; x_wconf 84' lang='lat' dir='ltr'>cognitionis</span> <span class='ocrx_word' id='word_1_234' title='bbox 1124 2592 1192 2656; x_wconf 93' lang='lat' dir='ltr'>sunt</span> <span class='ocrx_word' id='word_1_235' title='bbox 1208 2615 1305 2676; x_wconf 86' lang='lat' dir='ltr'>exper-</span> 
     </span>
     <span class='ocr_line' id='line_1_29' title="bbox 344 2669 1304 2754; baseline 0.008 -23"><span class='ocrx_word' id='word_1_236' title='bbox 344 2685 387 2731; x_wconf 88' lang='lat' dir='ltr'>tes</span> <span class='ocrx_word' id='word_1_237' title='bbox 403 2714 412 2745; x_wconf 94' lang='lat'>,</span> <span class='ocrx_word' id='word_1_238' title='bbox 429 2669 575 2731; x_wconf 87' lang='lat' dir='ltr'>interdum</span> <span class='ocrx_word' id='word_1_239' title='bbox 593 2672 809 2750; x_wconf 80' lang='lat' dir='ltr'>prudentissime</span> <span class='ocrx_word' id='word_1_240' title='bbox 825 2672 965 2742; x_wconf 86' lang='lat' dir='ltr'>judicare.</span> <span class='ocrx_word' id='word_1_241' title='bbox 987 2672 1138 2735; x_wconf 74' lang='lat' dir='ltr'>Memoria</span> <span class='ocrx_word' id='word_1_242' title='bbox 1156 2675 1304 2754; x_wconf 82' lang='lat' dir='ltr'>proditum</span> 
     </span>
     <span class='ocr_line' id='line_1_30' title="bbox 344 2748 1304 2836; baseline 0.009 -26"><span class='ocrx_word' id='word_1_243' title='bbox 344 2749 384 2810; x_wconf 85' lang='lat' dir='ltr'>esi</span> <span class='ocrx_word' id='word_1_244' title='bbox 400 2792 410 2821; x_wconf 95' lang='lat'>,</span> <span class='ocrx_word' id='word_1_245' title='bbox 425 2748 571 2808; x_wconf 83' lang='lat' dir='ltr'>Catonern</span> <span class='ocrx_word' id='word_1_246' title='bbox 588 2770 732 2828; x_wconf 89' lang='lat' dir='ltr'>puerum,</span> <span class='ocrx_word' id='word_1_247' title='bbox 753 2766 840 2832; x_wconf 88' lang='lat' dir='ltr'>atque</span> <span class='ocrx_word' id='word_1_248' title='bbox 857 2751 950 2813; x_wconf 85' lang='lat' dir='ltr'>adhuc</span> <span class='ocrx_word' id='word_1_249' title='bbox 975 2750 1025 2813; x_wconf 92' lang='lat' dir='ltr'>sub</span> <span class='ocrx_word' id='word_1_250' title='bbox 1042 2753 1201 2834; x_wconf 69' lang='lat' dir='ltr'>pedagogo</span> <span class='ocrx_word' id='word_1_251' title='bbox 1218 2775 1304 2836; x_wconf 84' lang='lat' dir='ltr'>agen·</span> 
     </span>
     <span class='ocr_line' id='line_1_31' title="bbox 344 2826 1303 2909; baseline 0.007 -20"><span class='ocrx_word' id='word_1_252' title='bbox 344 2843 406 2889; x_wconf 86' lang='lat' dir='ltr'>tem</span> <span class='ocrx_word' id='word_1_253' title='bbox 421 2846 505 2899; x_wconf 91' lang='lat' dir='ltr'>,cum</span> <span class='ocrx_word' id='word_1_254' title='bbox 522 2826 559 2887; x_wconf 80' lang='lat' dir='ltr'>ab</span> <span class='ocrx_word' id='word_1_255' title='bbox 581 2848 616 2891; x_wconf 90' lang='lat' dir='ltr'>eo</span> <span class='ocrx_word' id='word_1_256' title='bbox 632 2829 668 2890; x_wconf 88' lang='lat' dir='ltr'>ad</span> <span class='ocrx_word' id='word_1_257' title='bbox 688 2829 799 2907; x_wconf 84' lang='lat' dir='ltr'>Syllam</span> <span class='ocrx_word' id='word_1_258' title='bbox 809 2830 950 2892; x_wconf 85' lang='lat' dir='ltr'>salutandi</span> <span class='ocrx_word' id='word_1_259' title='bbox 973 2832 1065 2893; x_wconf 82' lang='lat' dir='ltr'>caussa</span> <span class='ocrx_word' id='word_1_260' title='bbox 1082 2832 1250 2909; x_wconf 88' lang='lat' dir='ltr'>duceretur,</span> <span class='ocrx_word' id='word_1_261' title='bbox 1274 2836 1303 2898; x_wconf 79' lang='grc' dir='ltr'>δι</span> 
     </span>
     <span class='ocr_line' id='line_1_32' title="bbox 344 2906 1303 2990; baseline 0.01 -21"><span class='ocrx_word' id='word_1_262' title='bbox 344 2906 455 2986; x_wconf 88' lang='lat' dir='ltr'>semper</span> <span class='ocrx_word' id='word_1_263' title='bbox 470 2906 630 2969; x_wconf 82' lang='lat' dir='ltr'>multorum</span> <span class='ocrx_word' id='word_1_264' title='bbox 648 2908 872 2989; x_wconf 90' lang='lat' dir='ltr'>proscriptorum</span> <span class='ocrx_word' id='word_1_265' title='bbox 889 2911 986 2990; x_wconf 87' lang='lat' dir='ltr'>capita</span> <span class='ocrx_word' id='word_1_266' title='bbox 1003 2912 1037 2973; x_wconf 87' lang='lat' dir='ltr'>ad</span> <span class='ocrx_word' id='word_1_267' title='bbox 1055 2933 1121 2974; x_wconf 90' lang='lat' dir='ltr'>eum</span> <span class='ocrx_word' id='word_1_268' title='bbox 1147 2912 1246 2977; x_wconf 68' lang='lat' dir='ltr'>afferri</span> <span class='ocrx_word' id='word_1_269' title='bbox 1261 2918 1303 2979; x_wconf 91' lang='lat' dir='ltr'>vi·</span> 
     </span>
     <span class='ocr_line' id='line_1_33' title="bbox 344 2985 1301 3071; baseline 0.01 -23"><span class='ocrx_word' id='word_1_270' title='bbox 344 2985 449 3060; x_wconf 86' lang='lat' dir='ltr'>deret,</span> <span class='ocrx_word' id='word_1_271' title='bbox 474 2986 509 3048; x_wconf 92' lang='lat' dir='ltr'>de</span> <span class='ocrx_word' id='word_1_272' title='bbox 533 3007 567 3050; x_wconf 89' lang='lat' dir='ltr'>eo</span> <span class='ocrx_word' id='word_1_273' title='bbox 591 2987 749 3071; x_wconf 87' lang='lat' dir='ltr'>aliquando</span> <span class='ocrx_word' id='word_1_274' title='bbox 776 2990 955 3071; x_wconf 78' lang='lat' dir='ltr'>quaesivisse,</span> <span class='ocrx_word' id='word_1_275' title='bbox 980 3012 1030 3053; x_wconf 90' lang='lat' dir='ltr'>cur</span> <span class='ocrx_word' id='word_1_276' title='bbox 1054 2993 1151 3054; x_wconf 90' lang='lat' dir='ltr'>nullus</span> <span class='ocrx_word' id='word_1_277' title='bbox 1186 2996 1301 3058; x_wconf 86' lang='lat' dir='ltr'>tandem</span> 
     </span>
     <span class='ocr_line' id='line_1_34' title="bbox 342 3067 1302 3149; baseline 0.01 -19"><span class='ocrx_word' id='word_1_278' title='bbox 342 3067 547 3142; x_wconf 86' lang='lat' dir='ltr'>inveniretur,</span> <span class='ocrx_word' id='word_1_279' title='bbox 568 3067 620 3149; x_wconf 90' lang='lat' dir='ltr'>qui</span> <span class='ocrx_word' id='word_1_280' title='bbox 641 3084 703 3143; x_wconf 93' lang='lat' dir='ltr'>tot,</span> <span class='ocrx_word' id='word_1_281' title='bbox 720 3090 754 3131; x_wconf 85' lang='lat' dir='ltr'>ac</span> <span class='ocrx_word' id='word_1_282' title='bbox 776 3085 870 3132; x_wconf 86' lang='lat' dir='ltr'>tantas</span> <span class='ocrx_word' id='word_1_283' title='bbox 891 3072 1025 3132; x_wconf 91' lang='lat' dir='ltr'>omnium</span> <span class='ocrx_word' id='word_1_284' title='bbox 1049 3072 1168 3143; x_wconf 83' lang='lat' dir='ltr'>injurias</span> <span class='ocrx_word' id='word_1_285' title='bbox 1191 3074 1302 3139; x_wconf 88' lang='lat' dir='ltr'>ulcisce·</span> 
     </span>
     <span class='ocr_line' id='line_1_35' title="bbox 342 3147 1302 3238; baseline 0.008 -27"><span class='ocrx_word' id='word_1_286' title='bbox 342 3147 437 3211; x_wconf 84' lang='lat' dir='ltr'>retur?</span> <span class='ocrx_word' id='word_1_287' title='bbox 458 3147 517 3208; x_wconf 92' lang='lat' dir='ltr'>Cui</span> <span class='ocrx_word' id='word_1_288' title='bbox 537 3168 603 3210; x_wconf 89' lang='lat' dir='ltr'>cum</span> <span class='ocrx_word' id='word_1_289' title='bbox 625 3148 807 3230; x_wconf 86' lang='lat' dir='ltr'>respondisset</span> <span class='ocrx_word' id='word_1_290' title='bbox 828 3150 953 3231; x_wconf 84' lang='lat' dir='ltr'>Sarpedo</span> <span class='ocrx_word' id='word_1_291' title='bbox 982 3148 1043 3230; x_wconf 92' lang='lat' dir='ltr'>[id</span> <span class='ocrx_word' id='word_1_292' title='bbox 1065 3153 1145 3214; x_wconf 91' lang='lat' dir='ltr'>enim</span> <span class='ocrx_word' id='word_1_293' title='bbox 1166 3173 1229 3218; x_wconf 84' lang='lat' dir='ltr'>erat</span> <span class='ocrx_word' id='word_1_294' title='bbox 1251 3177 1302 3238; x_wconf 82' lang='lat' dir='ltr'>pae·</span> 
     </span>
     <span class='ocr_line' id='line_1_36' title="bbox 342 3228 1300 3314; baseline 0.007 -26"><span class='ocrx_word' id='word_1_295' title='bbox 342 3228 458 3309; x_wconf 78' lang='lat' dir='ltr'>dagogo</span> <span class='ocrx_word' id='word_1_296' title='bbox 480 3229 616 3308; x_wconf 90' lang='lat' dir='ltr'>nornen]</span> <span class='ocrx_word' id='word_1_297' title='bbox 637 3230 772 3292; x_wconf 84' lang='lat' dir='ltr'>omnibus</span> <span class='ocrx_word' id='word_1_298' title='bbox 792 3231 912 3314; x_wconf 88' lang='lat' dir='ltr'>quidem</span> <span class='ocrx_word' id='word_1_299' title='bbox 933 3232 1142 3307; x_wconf 79' lang='lat' dir='ltr'>voluntatem,</span> <span class='ocrx_word' id='word_1_300' title='bbox 1162 3232 1209 3295; x_wconf 92' lang='lat' dir='ltr'>sed</span> <span class='ocrx_word' id='word_1_301' title='bbox 1231 3236 1300 3301; x_wconf 90' lang='lat' dir='ltr'>nulli</span> 
     </span>
     <span class='ocr_line' id='line_1_37' title="bbox 341 3306 1305 3393; baseline 0.012 -27"><span class='ocrx_word' id='word_1_302' title='bbox 341 3306 512 3369; x_wconf 82' lang='lat' dir='ltr'>facultatem</span> <span class='ocrx_word' id='word_1_303' title='bbox 540 3308 620 3380; x_wconf 78' lang='lat' dir='ltr'>esse3</span> <span class='ocrx_word' id='word_1_304' title='bbox 656 3326 720 3371; x_wconf 85' lang='lat' dir='ltr'>tum</span> <span class='ocrx_word' id='word_1_305' title='bbox 751 3310 835 3393; x_wconf 88' lang='lat' dir='ltr'>ipse:</span> <span class='ocrx_word' id='word_1_306' title='bbox 864 3312 941 3373; x_wconf 83' lang='lat' dir='ltr'>modo</span> <span class='ocrx_word' id='word_1_307' title='bbox 969 3311 1039 3373; x_wconf 78' lang='lat' dir='ltr'>mihi</span> <span class='ocrx_word' id='word_1_308' title='bbox 1062 3313 1168 3391; x_wconf 82' lang='lat' dir='ltr'>ferrum</span> <span class='ocrx_word' id='word_1_309' title='bbox 1196 3316 1305 3391; x_wconf 79' lang='lat' dir='ltr'>detur,</span> 
     </span>
     <span class='ocr_line' id='line_1_38' title="bbox 343 3386 1301 3474; baseline 0.011 -28"><span class='ocrx_word' id='word_1_310' title='bbox 343 3386 469 3468; x_wconf 87' lang='lat' dir='ltr'>inquit,</span> <span class='ocrx_word' id='word_1_311' title='bbox 499 3386 606 3464; x_wconf 85' lang='lat' dir='ltr'>reliqua</span> <span class='ocrx_word' id='word_1_312' title='bbox 634 3411 680 3467; x_wconf 84' lang='lat' dir='ltr'>ego</span> <span class='ocrx_word' id='word_1_313' title='bbox 703 3412 764 3449; x_wconf 86' lang='lat' dir='ltr'>cum</span> <span class='ocrx_word' id='word_1_314' title='bbox 785 3393 904 3452; x_wconf 83' lang='lat' dir='ltr'>adeum</span> <span class='ocrx_word' id='word_1_315' title='bbox 933 3392 971 3469; x_wconf 75' lang='lat' dir='ltr'>ad</span> <span class='ocrx_word' id='word_1_316' title='bbox 991 3390 1120 3470; x_wconf 69' lang='lat' dir='ltr'>tesiam,</span> <span class='ocrx_word' id='word_1_317' title='bbox 1147 3414 1180 3454; x_wconf 84' lang='lat' dir='ltr'>ut</span> <span class='ocrx_word' id='word_1_318' title='bbox 1200 3396 1301 3474; x_wconf 85' lang='lat' dir='ltr'>soleo,</span> 
     </span>
     <span class='ocr_line' id='line_1_39' title="bbox 339 3463 1299 3559; baseline 0.01 -32"><span class='ocrx_word' id='word_1_319' title='bbox 339 3463 493 3544; x_wconf 64' lang='lat' dir='ltr'>accessero,</span> <span class='ocrx_word' id='word_1_320' title='bbox 518 3465 626 3541; x_wconf 78' lang='lat' dir='ltr'>fortiter</span> <span class='ocrx_word' id='word_1_321' title='bbox 646 3468 792 3550; x_wconf 79' lang='lat' dir='ltr'>tranſsgam</span> <span class='ocrx_word' id='word_1_322' title='bbox 819 3516 826 3530; x_wconf 92' lang='lat'><strong>.</strong></span> <span class='ocrx_word' id='word_1_323' title='bbox 868 3472 903 3531; x_wconf 93' lang='lat' dir='ltr'>In</span> <span class='ocrx_word' id='word_1_324' title='bbox 925 3492 985 3553; x_wconf 94' lang='lat' dir='ltr'>quo</span> <span class='ocrx_word' id='word_1_325' title='bbox 1017 3471 1094 3536; x_wconf 77' lang='lat' dir='ltr'>saslo</span> <span class='ocrx_word' id='word_1_326' title='bbox 1122 3474 1201 3538; x_wconf 79' lang='lat' dir='ltr'>Cato</span> <span class='ocrx_word' id='word_1_327' title='bbox 1233 3496 1299 3559; x_wconf 89' lang='lat' dir='ltr'>puer</span> 
     </span>
     <span class='ocr_line' id='line_1_40' title="bbox 340 3543 1299 3631; baseline 0.011 -25"><span class='ocrx_word' id='word_1_328' title='bbox 340 3544 384 3607; x_wconf 92' lang='lat' dir='ltr'>bis</span> <span class='ocrx_word' id='word_1_329' title='bbox 406 3543 479 3606; x_wconf 76' lang='lat' dir='ltr'>resle</span> <span class='ocrx_word' id='word_1_330' title='bbox 500 3543 608 3615; x_wconf 71' lang='lat' dir='ltr'>sensit,</span> <span class='ocrx_word' id='word_1_331' title='bbox 630 3545 714 3609; x_wconf 89' lang='lat' dir='ltr'>semel</span> <span class='ocrx_word' id='word_1_332' title='bbox 734 3570 800 3611; x_wconf 88' lang='lat' dir='ltr'>cum</span> <span class='ocrx_word' id='word_1_333' title='bbox 822 3568 978 3631; x_wconf 85' lang='lat' dir='ltr'>tyrannum</span> <span class='ocrx_word' id='word_1_334' title='bbox 1001 3569 1047 3616; x_wconf 90' lang='lat' dir='ltr'>tot</span> <span class='ocrx_word' id='word_1_335' title='bbox 1067 3554 1224 3619; x_wconf 90' lang='lat' dir='ltr'>illullrium</span> <span class='ocrx_word' id='word_1_336' title='bbox 1249 3556 1299 3619; x_wconf 92' lang='lat' dir='ltr'>Vi·</span> 
     </span>
     <span class='ocr_line' id='line_1_41' title="bbox 339 3622 1298 3707; baseline 0.007 -18"><span class='ocrx_word' id='word_1_337' title='bbox 339 3646 439 3689; x_wconf 87' lang='lat' dir='ltr'>rorum</span> <span class='ocrx_word' id='word_1_338' title='bbox 459 3622 668 3688; x_wconf 78' lang='lat' dir='ltr'>interseslorem</span> <span class='ocrx_word' id='word_1_339' title='bbox 691 3632 813 3691; x_wconf 89' lang='lat' dir='ltr'>omnino</span> <span class='ocrx_word' id='word_1_340' title='bbox 834 3630 1069 3696; x_wconf 75' lang='lat' dir='ltr'>tollendum‘elle</span> <span class='ocrx_word' id='word_1_341' title='bbox 1089 3635 1232 3705; x_wconf 83' lang='lat' dir='ltr'>judicavit</span> <span class='ocrx_word' id='word_1_342' title='bbox 1250 3660 1258 3707; x_wconf 81' lang='lat'><em>3</em></span> <span class='ocrx_word' id='word_1_343' title='bbox 1277 3637 1298 3696; x_wconf 93' lang='lat' dir='ltr'>i·</span> 
     </span>
     <span class='ocr_line' id='line_1_42' title="bbox 339 3706 1298 3796; baseline 0.008 -28"><span class='ocrx_word' id='word_1_344' title='bbox 339 3722 432 3768; x_wconf 86' lang='lat' dir='ltr'>terum</span> <span class='ocrx_word' id='word_1_345' title='bbox 453 3725 520 3767; x_wconf 90' lang='lat' dir='ltr'>cum</span> <span class='ocrx_word' id='word_1_346' title='bbox 547 3726 607 3788; x_wconf 91' lang='lat' dir='ltr'>qua</span> <span class='ocrx_word' id='word_1_347' title='bbox 629 3708 739 3769; x_wconf 88' lang='lat' dir='ltr'>ratione</span> <span class='ocrx_word' id='word_1_348' title='bbox 769 3711 797 3770; x_wconf 94' lang='lat' dir='ltr'>id</span> <span class='ocrx_word' id='word_1_349' title='bbox 818 3706 907 3772; x_wconf 80' lang='lat' dir='ltr'>facere</span> <span class='ocrx_word' id='word_1_350' title='bbox 929 3713 1042 3791; x_wconf 89' lang='lat' dir='ltr'>posset,</span> <span class='ocrx_word' id='word_1_351' title='bbox 1073 3716 1186 3796; x_wconf 90' lang='lat' dir='ltr'>optime</span> <span class='ocrx_word' id='word_1_352' title='bbox 1209 3719 1298 3781; x_wconf 87' lang='lat' dir='ltr'>vidit.</span> 
     </span>
     <span class='ocr_line' id='line_1_43' title="bbox 340 3787 1298 3880; baseline 0.019 -33"><span class='ocrx_word' id='word_1_353' title='bbox 340 3787 446 3870; x_wconf 86' lang='lat' dir='ltr'>Neque</span> <span class='ocrx_word' id='word_1_354' title='bbox 467 3802 566 3865; x_wconf 85' lang='lat' dir='ltr'>tamen</span> <span class='ocrx_word' id='word_1_355' title='bbox 587 3787 634 3849; x_wconf 89' lang='lat' dir='ltr'>hic</span> <span class='ocrx_word' id='word_1_356' title='bbox 656 3788 728 3877; x_wconf 86' lang='lat' dir='ltr'>illud</span> <span class='ocrx_word' id='word_1_357' title='bbox 748 3810 838 3871; x_wconf 89' lang='lat' dir='ltr'>genus</span> <span class='ocrx_word' id='word_1_358' title='bbox 864 3791 930 3854; x_wconf 74' lang='lat' dir='ltr'>vite</span> <span class='ocrx_word' id='word_1_359' title='bbox 958 3794 1116 3878; x_wconf 85' lang='lat' dir='ltr'>quicquam</span> <span class='ocrx_word' id='word_1_360' title='bbox 1136 3798 1298 3880; x_wconf 78' lang='lat' dir='ltr'>attigerat3</span> 
     </span>
    </p>
   </div>
   <div class='ocr_carea' id='block_1_2' title="bbox 1211 3900 1262 3944">
    <p class='ocr_par' dir='ltr' id='par_1_2' title="bbox 1211 3900 1262 3944">
     <span class='ocr_line' id='line_1_44' title="bbox 1211 3900 1262 3944; baseline 0.02 -2"><span class='ocrx_word' id='word_1_361' title='bbox 1211 3900 1262 3944; x_wconf 69' lang='lat' dir='ltr'>alls</span> 
     </span>
    </p>
   </div>
   <div class='ocr_carea' id='block_1_3' title="bbox 0 0 1522 4559">
    <p class='ocr_par' dir='ltr' id='par_1_3' title="bbox 0 0 1522 4559">
     <span class='ocr_line' id='line_1_45' title="bbox 0 0 1522 4559; baseline 0 4"><span class='ocrx_word' id='word_1_362' title='bbox 0 0 1522 4559; x_wconf 95' lang='lat' dir='ltr'> </span> 
     </span>
    </p>
   </div>
  </div>
 </body>
</html>
