3034 4559
319 443 358 506 xa
482 413 561 516 tir
598 435 755 499 rnrr
776 435 857 498 aa·
880 433 1039 498 roua

276 509 332 586 dile
356 517 487 604 prln'cep's
513 518 630 599 Apelles
647 559 657 593 ,
677 535 745 580 curn
761 516 834 599 quid
855 515 914 578 tale
935 513 1150 580 coloribus-fuir
1170 535 1189 580 a
1208 509 1263 583 se'

276 621 312 664 er
333 598 472 674 ressrslet,
491 617 544 679 pro
595 616 642 658 am
660 595 690 657 id
705 613 867 678 proponere
880 594 1015 670 solebat,
1037 596 1174 678 atque‘in
1188 619 1237 661 oc·

324 696 355 742 to
379 677 515 761 anguloi
548 698 564 737 e
587 675 751 737 delitescens
776 674 1010 757 praetereuntium
1034 674 1238 754 sententiam,

273 781 309 822 ac
324 757 464 833 judicium
486 754 683 845 aucupabatur
700 775 710 826 3
729 754 777 816 cui
794 755 830 818 lic
852 752 1094 836 obtemperabat,
1115 772 1150 818 ut
1166 776 1246 820 eum,

271 835 313 902 ad
328 838 430 901 sutoris
447 835 654 898 corredlionem
678 833 933 915 crepidaesbulam
951 833 1091 916 corrigere
1106 853 1167 898 non
1182 855 1248 928 pu·-

274 918 395 981 duerit.
424 911 506 993 Quid
554 914 611 977 uod
636 909 764 990 Cicero,
785 913 817 977 dt
839 913 1012 996 Virgilius,
1037 913 1238 978 duoLatinae

274 997 383 1078 lingua
399 936 631 1076 splendidissima.
647 994 786 1069 lumina,
805 1013 873 1057 curn
889 1014 924 1056 ea
939 993 1026 1056 essent
1049 993 1085 1058 dt
1100 1011 1207 1058 natura
1225 1039 1239 1072 ,

274 1075 309 1138 ar-
329 1073 486 1150 oratione,
506 1072 747 1158 qua-absolutius
764 1073 826 1136 fieri
850 1073 925 1136 nihil
937 1073 1065 1214 potuit,
1086 1093 1236 1157 quamque

272 1153 378 1238 posteri
402 1154 439 1216 ad
463 1154 640 1217 imitandum
662 1152 713 1215 sibi
730 1173 832 1215 omnes
852 1151 921 1215 boni
949 1153 1245 1235 acileptoponunta·
1267 1177 1271 1184 ’

273 1234 349 1296 alter
365 1250 464 1297 tamen
483 1235 562 1295 nihil
579 1234 664 1317 egit,
684 1232 764 1315 quod
779 1232 829 1293 sua
854 1232 1021 1294 imitatione
1036 1248 1144 1296 careret
1161 1256 1171 1308 3
1192 1231 1247 1296 ale·

271 1328 316 1376 ter
330 1334 390 1375 non
406 1313 500 1376 solum
525 1314 554 1375 id
570 1333 687 1397 quoque
711 1311 844 1396 ptaellitit
860 1314 998 1395 optime,
1017 1309 1064 1376 sed
1079 1311 1245 1394 precipere

271 1397 333 1455 nori
355 1395 462 1468 cellat,
483 1392 519 1455 ad
542 1396 724 1475 optimorum
747 1393 892 1455 rationem
909 1436 918 1467 ,
937 1392 1079 1474 quicquid
1102 1410 1207 1473 agatur
1239 1423 1243 1432 ·

271 1472 427 1556 diligenter
443 1474 494 1536 elle
510 1472 672 1554 agendum?
694 1475 800 1555 Neque
817 1473 960 1552 postremo
975 1492 1065 1555 equas
1082 1515 1094 1547 ,
1113 1474 1166 1555 qui
1182 1437 1238 1535 ses.

272 1551 334 1615 sore
349 1573 458 1616 vacuus
474 1595 484 1626 ,
505 1569 593 1634 atque
609 1552 728 1613 habenis
751 1551 789 1612 ad
805 1568 915 1612 metam
938 1549 1056 1614 liberior
1069 1552 1164 1632 perse
1182 1552 1242 1629 sla-3

270 1630 354 1693 diurn
369 1647 464 1694 currat
480 1674 490 1704 ,
511 1650 546 1691 eo
560 1644 611 1691 aut
626 1631 711 1692 citius
726 1671 737 1703 ,
756 1644 809 1690 aut
824 1630 914 1690 etiam
930 1627 1048 1690 celerius
1060 1630 1244 1708 perveniet,

271 1730 362 1793 quarn
378 1711 430 1793 qui
446 1709 540 1772 levem
556 1753 565 1784 ,
586 1728 619 1770 ac
642 1707 813 1788 prudentem
837 1706 940 1769 habeat
955 1706 1110 1772 reilorem.
1131 1704 1186 1770 llle
1202 1730 1245 1771 e·-

270 1789 336 1850 nim
359 1788 487 1870 passim,
514 1807 575 1870 quo
597 1787 742 1868 appetitus
766 1785 887 1865 rapiet,
913 1805 1028 1866 preceps
1048 1785 1203 1869 vagabitur
1223 1809 1232 1861 3

270 1867 346 1943 hic,
364 1888 425 1951 quo
441 1867 595 1944 hominia,
615 1887 649 1928 ac
664 1866 720 1928 viae
736 1863 874 1927 brevioris
895 1866 1008 1927 ratione
1023 1865 1169 1942 ducetur,
1193 1868 1235 1930 se·

270 1948 366 2088 pprrior
388 1946 550 2029 pervolabit
572 1990 582 2023 ,
609 1942 753 2029 facietque
776 1945 902 2028 potius,
922 1945 1176 2028 quemadmodum
1194 1947 1233 2011 il·

322 2042 391 2088 art:
1178 2054 1194 2088 ·,
1233 2079 1241 2090 .

282 2153 285 2160 .
353 2109 423 2168 Acer
444 2105 484 2169 (a
502 2108 542 2169 ad
558 2107 661 2189 palma
675 2105 775 2188 perse
793 2108 918 2186 cursurus
939 2104 1066 2186 honam,
1096 2139 1100 2160 ι
1227 2161 1231 2168 ,

309 2198 313 2205 ’
353 2187 388 2247 Si
400 2204 500 2248 tamen
520 2185 650 2263 horteris,
664 2187 767 2266 fortius
786 2185 837 2250 ibit
858 2210 959 2269 equus.
1235 2211 1241 2220 ·

272 2263 315 2327 Et
339 2285 368 2328 re
391 2286 461 2329 vera
503 2268 533 2330 ui
555 2267 592 2328 ab
615 2267 729 2349 optimo
750 2267 821 2329 duce
845 2268 901 2330 iter
925 2267 1008 2330 suum
1029 2283 1124 2350 agat,
1153 2265 1178 2329 is
1200 2266 1230 2329 id

271 2365 434 2428 numquam
443 2287 502 2407 nis
516 2346 665 2409 retlissnne
684 2346 841 2423 conficiet,
862 2367 956 2430 neque
973 2349 1004 2409 in
1020 2368 1054 2410 eo
1071 2347 1230 2430 quicquam

273 2439 382 2486 temere
397 2426 551 2502 admittet,
561 2448 621 2510 quo
628 2427 655 2489 ei
670 2445 721 2490 aut
730 2428 761 2489 in
779 2443 865 2508 caput
882 2427 1078 2501 redeundum,
1098 2441 1150 2487 aut
1159 2447 1232 2508 quo·

297 2525 365 2565 uam
381 2504 602 2582 decimandum,
625 2506 779 2569 autetiam
795 2507 826 2567 in
842 2506 940 2568 medio
955 2505 1163 2567 consistendum
1180 2504 1242 2566 sit.·

274 2523 364 2659 {uod
386 2604 455 2647 vero
470 2584 588 2660 dicunt,
608 2601 716 2646 natura
737 2586 802 2646 vim
823 2585 935 2645 nullam
956 2584 1006 2645 esse
1027 2581 1200 2644 afferendam
1220 2617 1240 2662 ,-

274 2682 309 2724 ac
324 2662 361 2724 ab
377 2683 411 2724 ea
437 2665 474 2723 ire
498 2664 592 2725 latum
645 2663 742 2725 uidem
775 2682 903 2743 unguem
926 2663 977 2723 esse
1001 2659 1230 2740 discedendum,

229 2773 231 2778 ·
272 2759 318 2802 nae
339 2741 394 2804 suae
413 2742 501 2812 nimie
524 2742 569 2803 isti
590 2684 743 2823 indulgent
764 2756 898 2816 natura,
929 2756 1031 2803 contra
1050 2758 1149 2808 autem
1166 2764 1229 2823 per·

272 2819 403 2884 mutum
423 2821 582 2883 detrahunt
602 2820 637 2883 de
658 2820 807 2883 artificio.
836 2822 917 2882 Nam
933 2821 954 2881 si
970 2822 1012 2882 ita
1033 2821 1092 2896 stt,
1122 2821 1228 2885 Isocra-

272 2915 316 2961 tes
337 2899 437 2963 dostor
451 2900 496 2962 sm
518 2901 605 2963 ulatis
626 2901 748 2962 minime
769 2899 843 2962 teile
864 2899 1001 2982 Ephoro,
1022 2901 1242 2983 &Theopom·.

271 2997 312 3060 po
334 2978 480 3072 discipulis
493 2923 557 3042 suis
578 2980 744 3043 consuluisse
764 2980 878 3043 videtur
894 3021 910 3056 ,·
925 3002 1050 3063 quorum
1071 2997 1229 3063 utrumque

272 3077 293 3120 a
312 3078 429 3142 propria
449 3076 569 3136 natura,
589 3076 732 3144 quantum
753 3061 877 3142 potuit,
899 3061 1037 3134 abduxit.⁴
1059 3063 1139 3123 Nam
1156 3081 1239 3125 curu·

272 3136 391 3202 alterius
412 3142 574 3203 orationem
594 3141 674 3224 quast
695 3140 807 3203 abunde
826 3142 1021 3205 luxuriantem
1038 3141 1165 3220 videret,
1186 3141 1233 3203 al·

277 3218 369 3279 terius
419 3221 476 3281 uasi
496 3222 656 3284 verecunde
675 3223 843 3297 cessantem,
860 3222 930 3290 huic
952 3221 1070 3295 calcar,
1100 3221 1144 3282 illi
1165 3220 1234 3283 stae··

272 3315 346 3357 num
370 3239 534 3377 adliibens,
562 3317 705 3383 quantum
731 3302 765 3363 de
788 3303 905 3363 alterius
930 3300 1046 3362 luxuria
1068 3300 1226 3377 detraxit,

272 3389 391 3437 tanturn
408 3378 532 3439 audaciae
555 3381 592 3442 ad
607 3382 722 3443 alterius
748 3381 963 3443 cunslationem
988 3380 1124 3442 addidisse
1138 3380 1239 3443 credi.¹

272 3470 345 3516 tur.
373 3458 478 3539 Neque
498 3459 704 3523 Demosthenes
729 3477 844 3522 tantum
866 3460 976 3536 studii,
1006 3476 1122 3522 tantum
1140 3460 1239 3523 indu··

272 3532 372 3612 siria,
402 3553 518 3599 tantum
537 3539 644 3602 laboris
666 3542 698 3603 in
718 3561 777 3603 una
798 3553 913 3602 tantum
934 3540 1020 3601 litera
1048 3556 1114 3621 apte
1132 3538 1240 3621 proso·-

196 3691 199 3696 ,
272 3614 362 3703 tenda
383 3615 540 3696 posuisset,
569 3619 589 3680 si
610 3640 628 3679 a
648 3637 751 3682 natura
770 3640 932 3701 numquam
963 3618 1163 3682 discedendum
1184 3619 1235 3680 es-¹

271 3693 301 3754 se
321 3695 489 3763 iudicasset.
518 3700 599 3761 Nam
620 3719 685 3762 cum
704 3700 751 3761 hic
772 3716 880 3761 natura
902 3698 1013 3761 vitior
1040 3700 1156 3765 literam
1181 3700 1236 3760 ni··

274 3771 295 3832 fi
314 3772 467 3857 blase,.ac
479 3778 579 3866 inepte
592 3779 735 3865 'prosertet
753 3824 773 3861 ,-
792 3794 909 3856 tantum
931 3777 967 3844 ab
987 3779 1109 3848 artificio
1129 3778 1241 3842 conse-a

347 3902 351 3907 .
1103 3873 1187 3921 cutus
