3034 4559
174 3623 177 3634 t

180 3885 186 4038 l

524 435 550 499 Ι,
591 439 607 497 l
642 441 670 497 B
707 440 735 501 Β
773 437 801 500 R
859 442 907 501 l.'
1103 460 1120 507 2

222 512 335 583 lembili
358 516 458 600 spiritu
479 518 691 593 terminantur,
713 533 745 580 ut
767 540 802 581 ne
824 518 913 582 verbo
932 519 1052 601 quidem
1093 457 1179 590 roilu-

221 599 313 674 dlior,
334 619 425 739 poam
440 618 492 679 par
509 598 566 674 est,
588 598 663 659 trahi
672 620 684 668 ,·
705 614 756 661 aut
771 599 935 679 angustior,
956 620 1046 684 quatu
1062 540 1179 676 liceat,

220 679 314 760 premi
347 680 502 748 entiatur3
529 698 596 740 cum
618 677 702 739 insu
738 678 847 742 riorum
867 679 959 742 altero
979 678 1068 744 tribus
1091 680 1181 742 intet-

220 757 289 819 dum
310 757 407 821 verbis
427 759 595 833 cmuriua,
616 756 693 821 sorta
715 778 731 817 e
752 758 840 822 nimis
861 757 938 822 arua
957 759 1181 840 comprehenda-

220 853 284 910 tur3
306 837 339 903 in
361 838 453 902 altero
475 837 624 900 virtuibus
645 836 929 902 versibusluxurians
952 838 1093 903 sententia
1113 838 1177 902 lou·

242 917 284 980 'us
309 913 469 982 dilatetur.
490 920 551 996 Qui
571 933 670 980 autam
689 917 768 980 hunc
787 919 938 992 accusant,
959 915 1039 1001 quasi
1059 937 1179 984 ornnem

219 935 354 1061 ilistoriae
375 997 470 1078 legem
491 997 522 1060 in
544 997 593 1065 sua
613 997 742 1061 Historia
763 998 885 1063 minime
906 998 1117 1079 complexum,
1138 998 1179 1073 ii,

219 1089 310 1159 quam
331 1076 361 1139 id
383 1075 620 1153 nesle,.videtint
641 1077 709 1158 ipsi.
732 1073 879 1159 Equidem
899 1098 967 1144 cum
991 1098 1050 1143 uno
1064 1078 1180 1140 Cicero·

220 1175 255 1218 ne
274 1178 370 1219 errare
392 1155 496 1238 malo,
526 1177 615 1240 quam
635 1177 702 1219 curu
723 1152 782 1223 illis
803 1160 921 1239 sapere,
948 1156 1026 1251 qui,
1054 1178 1122 1220 cum
1143 1156 1179 1220 de

219 1235 274 1299 hoc
296 1236 360 1320 ipso
381 1238 467 1318 agit,
497 1237 534 1299 sio
555 1237 652 1320 inquit
671 1258 679 1301 ,τ
708 1237 764 1298 Sed
785 1238 854 1298 dum
883 1236 974 1302 votur
992 1236 1065 1299 ulier
1085 1234 1181 1299 habere

215 1332 333 1395 parata,
371 1319 445 1379 unde
464 1318 627 1395 sumerent,
654 1316 705 1395 qui
733 1316 839 1382 vellent
860 1313 976 1392 scribere
1005 1314 1180 1392 Historiam,

219 1396 319 1477 ineptis
342 1414 457 1475 gratum
481 1395 589 1475 sortaffe
612 1398 712 1474 facit,
741 1398 792 1476 qui
819 1396 919 1460 voluat
943 1394 998 1457 illa
1019 1395 1180 1472 calamillris

218 1475 321 1537 inurere
336 1497 346 1548 3
363 1476 454 1553 'finnus
475 1476 598 1557 quidem.
611 1476 730 1540 homines
750 1499 769 1535 a
783 1470 926 1553 scribendo
956 1471 1086 1536 deterruit
1105 1495 1115 1545 5
1144 1489 1179 1542 ut

220 1554 334 1637 ineptos
357 1562 406 1619 e'os
427 1556 551 1637 appellet
572 1552 701 1631 Cicero,
729 1555 782 1637 qui
810 1552 905 1620 velint
934 1570 1037 1620 manus
1058 1552 1182 1629 rddere,

218 1654 249 1698 ac
270 1632 353 1722 quast
372 1636 531 1727 pigmentis
554 1634 780 1705 circumlinere,
801 1632 908 1708 sanos,
930 1634 982 1718 qui
1002 1632 1040 1697 ab
1060 1655 1095 1701 eo
1115 1654 1180 1702 mu·
1204 1647 1207 1651 ’

220 1733 285 1777 nere
308 1711 486 1796 suscipiendo
506 1710 573 1782 sunt
582 1715 732 1780 deterriti.
753 1714 789 1776 Id
810 1712 889 1797 quod
911 1713 996 1778 nulla
1012 1712 1072 1784 elia
1091 1714 1181 1782 retio-

217 1814 252 1855 ne
272 1793 384 1859 sallum
407 1793 470 1870 est,
494 1795 545 1858 nisi
564 1794 635 1877 quia
654 1791 773 1857 divinus
794 1793 921 1875 Scriptot
942 1811 1060 1860 ornnem
1081 1793 1181 1863 Histov

218 1874 264 1938 tiae
288 1875 354 1936 vim
374 1876 406 1935 in
427 1874 476 1935 sua
496 1875 624 1941 Historia
651 1873 884 1955 consumpserit,
913 1872 1072 1955 nihilque,
1100 1873 1180 1957 quod

217 1953 251 2017 td
271 1974 342 2026 earn,
362 1970 474 2036 partem
496 1953 635 2019 scribendi
654 1955 836 2036 pertineret,
865 1969 917 2016 aut
938 1952 1069 2018 omiserit
1090 1995 1101 2029 ,
1127 1970 1180 2018 aut

218 2051 276 2096 non
298 2034 334 2096 fit
354 2035 476 2099 omnino
507 2035 622 2116 egregie
651 2031 838 2114 persecutus.
867 2034 918 2095 Hu
965 2033 1066 2114 igitur
1087 2034 1181 2109 milri,

219 2113 422 2181 fiffiuoriam
445 2112 594 2188 scribam,
624 2113 681 2180 sina
709 2113 770 2178 ulla
798 2112 943 2177 dubitatio
964 2133 979 2177 e
1000 2130 1181 2193 proponent,

220 2192 254 2257 ad
274 2194 359 2268 euius
380 2193 520 2259 scribendi
548 2194 691 2259 rationem
722 2211 817 2258 meam
847 2191 905 2272 ipse
927 2211 1046 2256 omnem
1066 2190 1180 2259 consor·

219 2293 323 2348 mem,
353 2290 441 2355 atque
463 2272 635 2338 constituam
656 2272 792 2337 Historia
814 2270 1000 2350 imaginem.
1021 2275 1093 2347 Quae
1115 2288 1180 2360 tneo

220 2352 364 2418 sententia
382 2373 418 2418 eo
461 2373 499 2418 uo
521 2371 556 2414 ue
577 2352 697 2415 nomine
717 2372 786 2414 meo
805 2350 905 2412 animo
924 2346 1012 2429 longe
1032 2348 1180 2429 probatio!

221 2434 355 2510 accidit,
385 2374 463 2515 quoi
485 2373 561 2494 idem
583 2431 730 2495 Andream
768 2426 970 2509 Navageriutn
1000 2426 1102 2493 sensisse
1124 2445 1183 2492 tne-

222 2515 315 2577 motia
336 2530 438 2584 teneo;
459 2512 554 2594 pallea
575 2531 644 2574 vero
665 2512 783 2575 Petrum
806 2508 946 2573 Bembum
962 2508 1017 2577 hoc
1038 2507 1131 2588 ipsum
1147 2508 1181 2572 iu

221 2591 266 2655 sua
287 2588 418 2657 Historia
436 2590 528 2655 secisse
548 2592 659 2662 vide03
688 2607 814 2673 quorum
844 2587 970 2651 duorum
992 2586 1181 2668 prestantiu-

193 2738 196 2743 ,
221 2689 334 2736 motum
358 2672 513 2737 hominum
534 2673 690 2736 auotoritas
713 2670 789 2736 tanti
812 2668 888 2810 apud
911 2687 959 2732 me
980 2667 1037 2742 est,
1059 2685 1091 2732 ut
1112 2687 1180 2736 cunt

187 2821 189 2829 y
222 2750 254 2812 ab
274 2751 330 2816 illa
352 2752 494 2822 majorum
514 2752 675 2816 nostrorum
691 2765 775 2815 aetate
795 2750 824 2811 di
837 2748 926 2822 cedo,
943 2768 1006 2834 quae
1021 2748 1180 2829 elegantio-

223 2833 257 2893 iis
278 2831 396 2897 Latinae
417 2831 554 2896 dislionis
577 2833 690 2912 copiam
710 2850 829 2892 omnem
853 2829 948 2891 secum
969 2826 1074 2892 extulit
1095 2874 1104 2902 ,
1126 2829 1180 2913 ¹lria

224 2908 349 2975 &reste
369 2909 541 2985 judicandi,
571 2911 602 2988 δι
631 2927 771 3001 perquam
792 2925 894 2971 ornate
913 2907 1051 2989 loquendi
1073 2910 1180 2989 primas

224 2988 303 3052 saeile
322 2991 502 3057 concedam.
531 2988 682 3053 Histortcis
704 3010 763 3051 uno
784 2990 877 3070 piures
901 2988 990 3063 sunt,
1019 2988 1072 3068 qui
1092 2987 1129 3053 de
1150 3008 1181 3048 aa

224 3070 383 3149 gritultura
403 3091 469 3134 cunt
491 3070 603 3135 summa
622 3069 706 3134 laude
726 3068 918 3151 scripserunt·
939 3064 1050 3130 Verum
1071 3066 1104 3131 in
1124 3066 1182 3131 Car

225 3163 289 3211 tone
312 3149 409 3213 multa
430 3150 552 3224 inania,
581 3167 684 3232 ptaeter
712 3147 868 3213 verborum
898 3144 981 3207 usum
1001 3144 1180 3222 obsoletum,

225 3227 285 3293 sunt
305 3229 361 3313 qui
382 3232 511 3310 gravi-ter
532 3229 765 3311 reprehendant.
797 3228 832 3287 ln
855 3223 987 3290 Varrone
1009 3242 1106 3290 autern
1128 3226 1182 3293 ali-

225 3324 334 3391 quanto
356 3310 479 3374 Latinus
502 3309 593 3373 sermo
613 3310 719 3371 cultior
734 3308 774 3369 est
795 3305 903 3379 fastus,
926 3304 1050 3395 sedlipse
1064 3325 1182 3389 quoque

225 3387 309 3467 paulo
330 3387 450 3471 preffior
470 3390 562 3453 videri
583 3386 701 3475 potest,
729 3405 819 3467 quarn
843 3402 926 3451 tanta
946 3405 988 3450 ret
1007 3386 1182 3468 magnitudo

227 3468 401 3546 postularet.
431 3470 522 3533 Viam
544 3486 641 3536 tamen
661 3468 682 3534 st
701 3468 768 3553 quis
798 3465 934 3530 utriusuit
963 3466 1093 3541 iosrslat,
1121 3486 1182 3532 nou

228 3548 380 3611 admodum
403 3567 474 3611 eum
492 3550 653 3630 improbem
673 3546 791 3619 ,modo
811 3567 875 3610 earn
898 3544 1069 3635 quibusdam
1089 3546 1119 3606 in
1143 3546 1185 3605 lo·

229 3627 262 3687 eis
283 3628 425 3693 latiorem
443 3673 451 3704 ,
471 3650 504 3690 ac
526 3630 614 3710 paulo
635 3627 825 3709 patentiorem
846 3624 954 3690 euicta-r
972 3626 1089 3688 eundo.
1119 3623 1182 3686 lion

229 3705 389 3771 Columella
408 3704 563 3789 sequitut3
593 3708 638 3771 sed
666 3708 717 3790 qui
739 3705 776 3767 ab
798 3706 946 3794 utriusque
967 3702 1087 3791 augusta
1115 3700 1127 3779 [
1149 3720 1181 3769 ut

231 3785 422 3872 dicebamus]
442 3790 535 3855 nimis
550 3786 734 3874 praecipiendi
755 3786 867 3851 tatione
888 3796 1100 3864 impotentiora
1114 3802 1183 3859 ptaer

1062 3878 1148 3942 cepta
