3034 4559
599 361 626 420 L
665 361 684 418 l
718 364 745 421 B
784 363 810 421 E
848 365 887 422 R'
936 366 981 423 s.'
1173 385 1212 432 *ιν

288 444 386 500 terem
400 437 490 499 -illam
510 457 629 501 omnem
649 439 840 503 acrimoniam
860 463 984 518 eruens,
1006 465 1121 521 notos,
1142 470 1175 516 ac
1190 416 1254 521 in}-

291 521 372 579 nime
393 518 525 580 insuaves
550 519 644 580 succos
665 521 785 599 recipit3
806 522 841 583 sic
862 524 912 603 ille
934 540 1011 587 totus
1031 548 1048 587 a
1067 526 1096 587 sc
1117 526 1144 588 se
1165 531 1252 593 disce·

286 600 380 670 dens,
403 619 437 658 nc
458 600 488 659 in
511 619 579 660 eum
600 600 696 669 locum
714 600 910 680 probatiorem
926 620 1058 668 naturam
1076 605 1250 685 admittens,

290 696 380 759 atque
404 677 600 751 interserens,
629 680 787 761 aliquando
818 684 906 743 etiam
936 683 963 746 se
995 683 1096 747 sentiet
1116 706 1132 747 e
1153 686 1249 768 stipite

283 758 441 819 bominem
464 758 575 819 evafille
595 760 829 840 perelegantem3
853 780 974 826 conetur
994 764 1102 841 modo,
1123 766 1249 844 audeat,

283 838 477 913 contendat,
504 838 665 921 habeatque
695 841 725 899 in
754 842 884 921 primis,
911 843 963 923 qui
991 846 1072 908 viam
1090 848 1249 924 monstret,

281 919 341 1001 *qui
362 916 487 980 fideliter
509 917 643 993 edoceat,
664 920 712 980 vel
733 919 897 984 fiomnino
916 944 983 984 cum
1002 924 1105 1004 primis
1127 926 1251 998 minime

282 997 470 1073 excelluerit,
492 1016 569 1060 certe
584 1018 625 1059 eo
645 999 809 1080 perveniet,
825 1016 860 1061 ut
879 1001 924 1067 sui
945 1003 1003 1064 loci
1022 1004 1251 1087 'haudquaquam

283 1081 458 1162 'poeniteat,
479 1098 572 1161 noque
594 1078 626 1143 in
647 1078 823 1168 postremis,
842 1098 929 1221 atpue
950 1085 1125 1164 contemptis
1147 1084 1251 1150 habea·

288 1177 349 1223 tur.
374 1158 522 1241 Equidem
542 1158 707 1220 imitationi
730 1157 792 1238 [ut
836 1181 873 1221 uo
909 1163 948 1223 de
970 1184 1003 1224 ea
1022 1163 1163 1238 sentiam,
1185 1181 1249 1227 tan·

282 1240 350 1302 'dem
373 1239 490 1320 planius
509 1237 678 1318 explicem]
700 1238 729 1299 id
749 1180 881 1301 accidisse
897 1240 1048 1317 arbitror,
1068 1246 1147 1324 quod
1168 1261 1250 1308 caete·

282 1320 324 1382 ris
345 1317 486 1380 omnibus
507 1316 616 1380 artibus
634 1318 766 1381 accidisse
780 1320 894 1381 constat
912 1341 920 1389 3
940 1338 977 1381 ut
997 1342 1056 1394 ea,
1084 1342 1148 1402 quae
1170 1344 1188 1382 a
1211 1324 1250 1384 sa·

283 1395 431 1482 pientibus
452 1397 533 1461 Viris
540 1398 746 1477 probarentur,
764 1397 915 1460 studiosius
926 1398 1122 1481 sequeremur,
1144 1420 1253 1482 quam,

280 1498 346 1561 φιτ
368 1498 431 1539 non
452 1476 521 1537 satis
543 1489 612 1539 tuto
631 1497 650 1537 a
670 1476 754 1540 nobis
767 1476 860 1540 essent
881 1480 1064 1560 excogitata,
1083 1501 1154 1542 cum
1176 1484 1250 1560 peri·

280 1559 348 1621 'culo
372 1558 582 1640 experiremur.
603 1557 860 1633 Quemadmodum
882 1558 914 1628 in
936 1558 1065 1641 frugibus
1086 1560 1248 1649 planissime

282 1638 376 1700 videri
397 1636 503 1719 potest,
524 1656 588 1718 qua
607 1638 842 1720 postquam-sunt
861 1640 892 1700 in
913 1638 998 1704 usum
1019 1640 1173 1705 hommum
1196 1641 1248 1706 ad·

278 1717 427 1791 inventa,
445 1717 532 1780 nulla
547 1736 618 1798 gens
640 1734 703 1779 tam
720 1716 831 1794 effera,
850 1719 934 1782 nulla
953 1736 1015 1782 tam
1036 1719 1151 1801 elegans
1172 1719 1246 1797 suit,

282 1818 343 1881 quae
367 1797 406 1860 ab
427 1796 464 1856 iis
482 1796 627 1873 serendis,
648 1814 737 1879 atque
757 1798 885 1861 colendis
899 1798 941 1862 nd
957 1820 1069 1862 novam
1086 1801 1181 1865 vidus
1200 1823 1245 1866 ra·

282 1882 393 1939 tionem
416 1875 611 1957 indagandam
640 1880 774 1939 animum
800 1877 888 1939 suum
915 1895 1118 1944 converteret,
1144 1881 1192 1942 Sic
1212 1882 1245 1941 in

280 1958 386 2019 adibus
408 1955 582 2018 aedificandis
600 1958 727 2027 evenisse
764 1957 908 2019 affirmare
927 1979 988 2020 non
1009 1958 1188 2032 dubitarim,
1214 1962 1246 2023 in

281 2038 386 2120 quibus
408 2036 542 2097 homines
564 2037 721 2117 primum,
747 2054 784 2099 ut
813 2040 918 2119 cuique
950 2036 1059 2100 sallum
1081 2040 1245 2112 accidebat,

274 2123 310 2180 'cr
330 2135 452 2200 quaque
474 2117 597 2178 materia
624 2118 660 2177 ad
678 2115 716 2179 'sri
739 2138 798 2191 us,
821 2118 951 2191 imbres,
974 2119 1073 2190 nives,
1094 2136 1125 2180 at
1149 2138 1183 2180 ue
1200 2139 1246 2180 ar·

274 2197 423 2261 'densioris
440 2194 517 2258 Solis
538 2196 617 2257 aeslus
637 2137 824 2277 reperiendos
846 2240 855 2270 ,
881 2214 968 2276 atque
984 2139 1181 2262 defendendos
1203 2213 1244 2262 te·

274 2277 359 2339 'ilum
378 2275 504 2364 aliquod
525 2276 575 2336 fibi
592 2275 828 2344 constituebant;
848 2291 881 2336 ut
904 2295 973 2337 vero
990 2275 1011 2334 ii
1031 2276 1140 2353 reperti
1159 2282 1241 2349 sunt,

279 2359 328 2440 qui
351 2356 389 2417 ad
410 2353 608 2422 necessitatem
631 2356 714 2415 illam
728 2355 838 2414 redium
856 2373 973 2435 quoque
989 2354 1181 2434 dignitatem,
1200 2373 1246 2422 ab

273 2455 333 2520 'que
356 2434 608 2516 magnificentiam
629 2434 790 2508 addidere,
815 2435 942 2514 primam
973 2432 1056 2493 illam
1085 2434 1244 2513 simplicem

279 2514 440 2577 edificandi
457 2515 600 2578 rationem
613 2516 737 2589 avinus,
753 2532 842 2595 atque
855 2513 921 2575 seris
936 2513 1152 2594 relinquentes,
1170 2514 1243 2582 hanc

274 2598 346 2657 ¹artis
367 2595 512 2676 magistra
532 2595 625 2662 solam
646 2596 751 2676 posteri
779 2596 831 2655 srbi
857 2592 1112 2655 vendicaverunt.
1141 2593 1241 2658 Simili

278 2677 390 2737 ratione
413 2678 444 2736 in
465 2675 579 2764 pidiura
599 2674 709 2738 fartum
731 2674 784 2736 esse
800 2673 888 2735 sacile
909 2674 1014 2744 conjici
1037 2672 1127 2753 potesl
1143 2694 1152 2743 3
1166 2691 1238 2735 >eam

278 2754 412 2822 videlicet
432 2755 520 2816 initio
542 2771 593 2816 aut
613 2776 648 2815 ex
668 2756 818 2829 carbone,
848 2772 900 2818 aut
920 2774 955 2814 ex
976 2752 1053 2814 ebuli
1073 2754 1166 2815 baccis
1188 2773 1238 2814 ex·

274 2835 376 2896 'tremis
396 2834 513 2908 lineis,
542 2835 633 2916 iisque
650 2834 829 2898 crassioribus
847 2834 891 2893 rei
910 2848 1027 2894 tantum
1045 2876 1054 2905 ,
1075 2852 1138 2914 quae
1158 2832 1240 2896 effin-

296 2931 394 2978 eretur
411 2957 421 2988 ,
440 2914 602 2993 ,imag-inem
625 2913 871 2981 circumduxisse3
893 2914 990 2991 pollen
1018 2931 1086 2972 vero
1116 2931 1175 2971 rem
1199 2909 1239 2972 se-

278 2935 373 3056 irciter
394 2993 431 3053 ad
451 2994 641 3057 distineliores
663 2995 772 3056 colores
794 2991 974 3075 pervenisse,
997 3010 1030 3051 ac
1052 3010 1110 3054 nou
1131 2990 1239 3063 modo,
1288 3033 1291 3041 ,

271 3068 310 3135 'ut
330 3071 432 3142 forma
452 3075 606 3136 veritatem
622 3073 713 3154 ipsam
736 3073 867 3146 referret,
889 3070 934 3131 sed
956 3069 1049 3130 animi
1066 3069 1154 3132 etiam
1172 3068 1240 3130 all'e·

278 3151 365 3230 slus,
395 3174 428 3222 ac
449 3171 565 3224 aetatem
589 3156 620 3216 in
643 3152 728 3216 vultu
750 3173 802 3233 pro
823 3166 922 3213 oneret
943 3150 1117 3229 explicatam
1139 3193 1148 3223 ,
1170 3148 1239 3217 lide·

271 3232 333 3296 lius
354 3233 533 3307 obtinuisse3
554 3254 613 3316 qua
633 3254 692 3294 una
713 3231 789 3312 perse
819 3248 1012 3311 epercepta,
1042 3229 1094 3291 illa
1115 3229 1237 3296 rudioris

280 3313 371 3376 atatis
392 3314 598 3386 lineamenta,
616 3312 697 3395 quali
716 3311 839 3393 spongia
862 3311 927 3372 sunt
944 3331 982 3374 er
1003 3311 1158 3372 hominum
1176 3309 1241 3370 ani·

276 3394 347 3468 mis,
369 3394 479 3455 nedum
498 3415 535 3455 ex
557 3396 691 3475 gentium
709 3392 786 3464 usu,
808 3391 920 3469 prorsus
940 3390 1036 3452 deleta
1074 3407 1167 3486 atque
1186 3410 1235 3447 err·

270 3472 369 3533 'tinela
386 3519 394 3533 .
414 3474 458 3538 Ut
479 3473 511 3533 in
530 3474 585 3534 bac
602 3492 724 3554 qunque
744 3469 841 3532 nostra
859 3469 923 3549 pari
941 3470 1055 3530 ratione
1075 3466 1243 3535 faciendum,

279 3552 328 3614 else
348 3549 434 3620 facile
455 3554 548 3622 videri
571 3552 657 3634 possit
679 3597 686 3611 .
711 3552 792 3612 Nam
810 3549 961 3631 quousque
983 3547 1071 3635 primi
1091 3564 1184 3619 retum
1206 3567 1244 3606 ον

280 3632 391 3693 mnium
416 3633 546 3697 audlores
564 3654 625 3694 non
648 3631 715 3693 satis
736 3627 928 3710 probarentur
947 3671 956 3702 ,
980 3631 1066 3686 suum
1089 3643 1153 3707 turn
1171 3626 1236 3692 cui·

271 3715 332 3793 'que
352 3714 506 3795 ingenium
530 3728 561 3774 ut
589 3712 763 3793 experiretur
779 3707 904 3849 ,arBli
932 3724 1025 3769 unum
1052 3703 1237 3787 sequetrttu,
1285 3745 1288 3750 s

307 3812 312 3823 ·
905 3810 928 3865 4
1147 3804 1191 3846 re-
