3034 4559
502 476 528 534 L
567 475 584 532 l
620 476 646 533 B
684 476 711 535 E
750 475 778 532 R
838 474 888 534 ru.
1087 496 1142 560 ro3

222 572 276 637 que
301 552 509 628 contendunt,
532 552 611 636 quod
636 570 697 615 tam
722 551 798 613 male
813 552 850 613 de
866 553 974 616 Latino
999 555 1127 621 sermone
1147 558 1181 623 nr

226 634 341 696 meritus
361 655 370 705 3
391 635 443 712 qui
459 633 629 694 Ciceronem
647 634 735 693 eriam
759 630 799 711 [sr
816 632 879 696 Diis
901 634 1013 717 placet]
1035 638 1065 697 in
1085 656 1181 701 cento·

218 729 268 774 'nes
290 712 468 794 puditilsrme
487 712 620 773 consuere
640 711 716 773 nihil
735 712 769 772 fit
789 714 927 784 ueritus3
948 715 1027 797 quod
1048 718 1125 779 hunc
1148 738 1181 779 u-

219 798 290 854 'num
322 809 385 853 ram
408 790 482 853 soede
506 792 727 873 coinquinarit,
747 808 846 882 atque·
862 809 925 853 tam
953 795 1052 875 palem
1082 808 1186 859 totum

217 871 399 954 compilarit.
423 874 522 952 Longe
543 872 576 935 in
593 872 646 931 hac
668 888 753 952 parte
773 892 911 953 aequrores
932 874 1034 937 habuit
1047 875 1181 941 adversa·

217 952 274 1014 rios
292 952 419 1016 urbanos
438 950 617 1032 Longolius,
639 972 657 1011 a
674 950 780 1033 quinus
797 952 910 1013 nullum
927 954 1048 1019 verbum
1064 957 1099 1018 de
1116 958 1181 1020 vio·

218 1029 276 1094 lata
301 1031 412 1093 Latina
434 1032 589 1105 oratione,
610 1031 693 1093 nulle
714 1029 812 1106 furti„
837 1032 918 1093 nulla
933 1034 1097 1105 hujusmodi
1114 1058 1179 1099 cen-

217 1127 321 1173 tonum
338 1109 418 1173 faeta
443 1110 482 1171 est
497 1110 686 1200 significatio.
708 1113 751 1173 At
764 1131 857 1193 quam
879 1112 953 1174 reste
969 1116 1041 1176 novi
1063 1116 1107 1177 isli
1124 1120 1181 1179 La·

219 1190 272 1251 tini
296 1189 476 1253 accusatores
491 1190 549 1252 suis
566 1190 683 1271 ineptiis
700 1190 841 1251 Latinum
863 1191 1014 1254 hominem
1031 1214 1179 1278 urgeant,

217 1269 386 1332 videamus.
408 1272 452 1331 ilc
467 1269 596 1359 primum
612 1314 621 1344 ,
640 1270 721 1352 quod
734 1269 774 1331 ad
788 1286 925 1331 centones
941 1274 1073 1349 attinet,
1091 1277 1179 1357 cupio

218 1348 351 1431 equidem
375 1348 421 1411 illi
437 1348 511 1409 mrhi
538 1349 655 1410 tandem
674 1349 854 1423 ostendant,
875 1352 926 1430 qui
941 1351 998 1412 smt
1014 1352 1044 1413 in
1063 1356 1179 1435 Longo-

221 1428 258 1489 lio
284 1428 331 1490 isti
357 1445 418 1490 tum
443 1426 538 1510 putidi
550 1446 707 1490 centones.
726 1430 811 1492 Nam
830 1448 886 1508 ego
902 1429 970 1493 illos
985 1450 1020 1490 ex
1039 1452 1085 1492 me
1107 1454 1178 1495 non·

216 1506 285 1570 dum
312 1509 398 1589 potui
419 1507 646 1589 deprehendere.
671 1510 755 1571 Nam
776 1507 800 1570 si
821 1523 960 1570 centones
978 1510 1115 1571 consuere
1136 1514 1177 1575 est

216 1586 312 1649 dedita
327 1607 430 1669 opera,
439 1606 528 1670 atque
539 1587 579 1649 de
591 1587 732 1650 industria
746 1606 812 1668 pars
828 1588 943 1669 integra
957 1608 1024 1655 cum
1042 1592 1116 1670 patri
1135 1594 1177 1653 in·

218 1682 302 1749 tegrae
320 1668 463 1745 alluitur,
483 1665 532 1729 ubi
550 1685 586 1728 ne
601 1667 722 1729 verbum
737 1668 858 1752 quidem
872 1668 1002 1729 nostrum
1018 1669 1179 1752 interponi-

217 1759 285 1821 tur,
308 1746 356 1809 sed
377 1767 417 1808 ex
442 1747 537 1808 alieno
560 1764 658 1808 totum
681 1768 754 1809 nus
776 1746 958 1819 conficitur3
977 1748 1029 1811 ubi
1051 1751 1088 1812 ad
1105 1771 1176 1813 eum

218 1826 335 1889 modum
363 1826 486 1889 ridicule
503 1828 670 1889 orationem
702 1847 767 1888 uam
785 1828 967 1907 conglutinet
988 1830 1177 1912 Longolius,

219 1923 377 1990 numquam
402 1906 537 1989 equidem
560 1907 646 2046 potui
665 1906 894 1988 deprehendere.
923 1908 1057 1990 Expeslo
1076 1928 1176 1975 autem

216 1986 328 2048 versum
346 2007 439 2048 unum
456 1987 501 2048 illi
516 1986 559 2046 mi
583 1986 592 2045 i
607 1987 725 2047 tandem
763 1989 936 2049 ronuncient
947 2008 985 2049 eo
1005 1989 1095 2051 modo
1111 1991 1177 2054 scri-

218 2081 314 2146 ptum.
343 2067 390 2128 At
409 2066 439 2126 id
460 2066 737 2147 pammpeentoni
779 2067 937 2141 suffert,
965 2068 1043 2148 quod
1060 2089 1177 2151 compo

218 2145 258 2207 nit
274 2145 455 2227 Longolius.
475 2144 591 2228 'Ecquid
608 2146 752 2207 autemid
767 2145 824 2207 est?
841 2148 1028 2237 nequeenim
1047 2148 1113 2209 satis
1132 2151 1176 2210 in-

216 2225 333 2305 telligo.
348 2225 432 2286 Cum
451 2224 561 2287 scilicet
578 2245 616 2285 ex
636 2224 784 2286 Ciceronis
812 2226 913 2285 multis
934 2225 1006 2285 locis
1025 2246 1118 2287 unum
1138 2230 1175 2289 fi·

219 2302 244 2363 bi
258 2303 406 2379 conficit,
427 2319 514 2386 atque
536 2302 746 2365 confabricatur
765 2304 878 2364 locum.
897 2304 997 2382 Cupio
1016 2305 1177 2367 tandems-

218 2382 269 2444 slos
290 2384 372 2446 locos
403 2383 534 2446 noscere.
556 2384 612 2444 Vel
630 2383 701 2443 casu
721 2383 780 2453 ejus
801 2382 941 2444 volumen
958 2384 1093 2463 aperies:
1114 2384 1177 2447 ubi-

214 2464 322 2543 quein
342 2483 392 2525 eos
417 2463 538 2544 legendo
562 2462 712 2524 incideris.
734 2463 844 2543 Aperui
862 2461 987 2542 saepius,
1007 2463 1092 2544 legi,
1114 2485 1176 2546 pen

215 2542 270 2623 legi
289 2564 299 2616 3
322 2543 465 2626 nusquam
489 2544 575 2605 illam
599 2543 778 2617 ridiculam,
797 2557 886 2625 atque
903 2541 1038 2602 insulsam
1052 2545 1176 2626 'conglu-

219 2622 392 2685 tinationem
410 2619 539 2684 offendi.
569 2621 697 2683 Proserre
728 2622 822 2705 quaeso
848 2641 903 2684 vos
922 2621 1068 2697 tandem,
1096 2625 1176 2706 quod

218 2704 336 2763 caussam
353 2703 479 2764 veslram
501 2700 620 2783 probet,
640 2702 797 2765 Id'nutem
816 2718 880 2764 tam
900 2701 987 2776 ciro,
1015 2702 1118 2765 Cicero
1138 2705 1176 2765 ad

214 2783 351 2844 tdtticum
372 2781 414 2843 alt
431 2802 438 2840 :
455 2779 575 2841 :crebras
588 2781 783 2862 expeslatienes
803 2781 882 2842 nobis
901 2785 945 2841 tui
960 2803 1122 2845 commoves.
1143 2784 1176 2846 Ῑ-

213 2874 244 2921 vta
261 2861 320 2922 est.
341 2860 418 2921 Item
439 2861 475 2923 ad
495 2862 531 2922 A.
539 2861 722 2923 Caecinnum:
745 2862 976 2948 Qutirfcumque
987 2858 1083 2935 filium
1098 2882 1177 2923 tuum

216 2942 295 3001 video
313 2942 332 3017 (
350 2941 433 3001 video
456 2959 547 2999 autem
565 2943 625 3019 fere
641 2943 765 3021 quotidie
782 2952 799 3021 )
814 2942 943 3023 polliceor
958 2942 1017 3002 &u
1039 2943 1175 3016 rediessu·
1229 3012 1230 3017 η

215 3037 263 3081 ne.
283 3019 364 3082 Item
385 3020 454 3081 alibi
474 3019 549 3081 dixit
563 3040 573 3080 :5
595 3023 672 3082 tertio
690 3042 800 3101 quoque
818 3019 899 3081 verbo
917 3041 928 3079 ·:
950 3020 980 3078 δι
1000 3019 1032 3082 id
1054 3021 1173 3101 quidem

217 3101 360 3173 venuste,
384 3099 419 3161 dr
438 3130 440 3137 ·
476 3101 658 3181 releganter:
684 3120 823 3172 necnon,
844 3101 934 3158 animi
948 3099 1065 3177 cauffo,
1085 3099 1173 3161 semel

216 3196 307 3263 utque
328 3178 359 3240 id
376 3180 430 3261 qu'
452 3199 498 3241 em
518 3180 667 3260 impolite.
689 3179 769 3255 Quid
793 3195 855 3240 turn
877 3174 991 3260 postea?
1012 3178 1173 3260 Longolius

215 3275 311 3321 eutem
331 3258 364 3319 in
390 3279 486 3321 unum
511 3258 676 3320 membrum
706 3260 765 3320 haec
793 3258 893 3320 omnia
907 3279 917 3318 ·:
948 3258 995 3319 vel
1023 3258 1056 3320 in
1077 3276 1175 3321 cento

215 3357 277 3400 uem
297 3338 399 3420 potius
421 3358 511 3400 unum
533 3338 684 3400 contexuit
702 3337 740 3399 ad
761 3337 844 3400 suum
864 3338 1087 3414 Grimoaldum‚
1106 3360 1173 3401 cum

215 3417 268 3481 ait:
286 3417 407 3479 crebras
422 3421 561 3479 adventur
568 3420 612 3477 tui
618 3417 810 3499 expediationes
821 3422 948 3483 Lazarus
956 3420 1122 3480 Bonamicus
1130 3441 1175 3479 no·

215 3495 257 3557 bis
270 3499 437 3561 summovit:
460 3498 510 3578 qui
521 3516 568 3572 te,
578 3500 680 3578 quoties
695 3497 791 3574 isthinc
804 3500 924 3580 -rediiffet
940 3497 1068 3575 (redibat
1081 3511 1174 3557 aurem

209 3576 323 3658 septimo
333 3581 394 3657 frte
410 3599 515 3656 quoque
528 3579 577 3638 die
586 3586 595 3653 )
605 3580 658 3637 buc
673 3580 762 3637 animi
777 3578 866 3657 cauffa
870 3580 1025 3658 propediem
1039 3578 1174 3636 exiturum

214 3656 373 3717 mrnrr'abat.
389 3657 474 3733 Quid
483 3675 580 3719 autem
591 3659 646 3719 hoc
667 3658 723 3731 est,
738 3657 792 3719 nisi
813 3658 852 3718 est
868 3674 1004 3719 centones
1021 3653 1172 3716 consuere.l

214 3751 245 3796 ex
253 3736 398 3798 Cicerone
412 3737 582 3798 Ciceronem
590 3736 748 3798 construere
756 3736 768 3794 ’ἓ
776 3739 806 3796 0
815 3739 932 3799 crassam
944 3734 1096 3794 hominum
1106 3731 1173 3793 llul-

209 3815 309 3879 titiem
325 3815 525 3897 [nonpolsum'
534 3817 661 3879 hocloco
670 3837 728 3879 non
737 3814 918 3957 explantare]
934 3813 1025 3896 quiin
1041 3831 1101 3895 quo
1109 3827 1174 3950 ἕξει

751 3941 753 3946 .
824 3917 845 3972 4
1087 3912 1107 3951 >e
