3034 4559
336 473 393 536 194
552 453 804 514 ΒΑΙΠἨΟΖκ
832 453 993 512 Ricctt

291 556 349 611 re,
380 535 455 597 unde
474 554 538 596 eam
557 531 708 595 didicere?
738 549 823 594 auca
845 552 905 614 quo
919 530 1000 593 sonte
1025 530 1058 591 in
1074 529 1126 592 sua
1147 530 1249 612 scripte

292 636 355 678 eam
372 617 541 677 derivarunt
558 612 568 673 ?
596 630 630 674 ut
646 614 788 674 continuo
803 612 925 674 caussam
943 610 1023 672 suam
1039 608 1185 672 benevole
1203 630 1249 672 ex·

292 696 460 769 ordiantur,
480 692 583 755 deinde
604 708 637 753 ut
657 693 798 766 breviter,
816 690 961 765 dilucide,
979 690 1143 770 explicate,
1164 707 1246 774 atque

293 775 394 836 ordine
415 791 558 844 narrent3
585 774 682 853 postea
703 772 788 834 utin
809 788 904 852 partes
924 769 1089 840 divident3
1116 787 1249 850 preterea

292 872 325 915 ut
347 853 572 916 adversariorum
601 851 726 912 rationes
747 852 804 913 suis
825 850 1006 931 argumentis
1031 847 1179 922 diluent3
1207 850 1249 911 hit

291 953 362 994 vero
383 930 558 1007 consumtis,
577 930 628 993 sua
647 930 821 993 confirment
838 952 847 1001 3
868 950 927 1011 quo
948 945 1073 1012 utroque
1095 925 1248 1009 perfeeto,

288 1033 351 1073 rem
372 1028 423 1073 aut
445 1010 648 1092 amplificent,
669 1027 721 1072 aut
743 1026 900 1071 extenuent
917 1030 928 1078 ς
954 1008 1099 1090 postremo
1120 1006 1190 1099 [ne
1210 1025 1252 1072 to·

289 1108 352 1153 tum
373 1093 528 1153 Oratorem
550 1090 598 1151 hic
619 1090 702 1154 vobis
722 1090 895 1151 concludam
917 1089 931 1179 ]
958 1104 1009 1150 aut
1031 1086 1070 1149 ad
1090 1087 1249 1152 misericor·

288 1172 387 1244 diam,
407 1187 459 1233 aut
481 1172 516 1232 ad
537 1171 666 1252 grauiter
683 1172 845 1251 agendum,
865 1169 995 1241 Judrcem
1014 1168 1248 1243 commovendo,

288 1267 442 1330 perorent,
462 1254 489 1311 A
505 1271 566 1333 quo
587 1251 670 1325 hec,
689 1251 827 1332 inquam,
850 1245 979 1310 Rhetore
999 1247 1189 1324 didicerunt,
1207 1248 1248 1310 ni·

288 1332 308 1389 si
330 1330 449 1410 abipsa
469 1328 594 1392 natura?
612 1330 730 1413 quando
750 1350 795 1390 ars
816 1330 891 1388 nihii
912 1329 947 1389 srt
966 1326 1071 1403 aliud,
1114 1348 1185 1392 uam
1201 1348 1249 1390 oe·

289 1426 355 1470 tura
376 1409 535 1491 descripta?
554 1408 660 1472 Cicero
677 1428 746 1470 vero
767 1408 951 1489 graviffirnus
971 1407 1084 1470 Auctor
1127 1428 1184 1472 unc
1199 1428 1249 1470 uo·

288 1489 376 1549 stram
395 1489 568 1551 sententiam
588 1510 605 1550 a
626 1490 684 1552 tius
706 1505 803 1551 tenere
822 1509 880 1549 non
902 1487 1019 1568 potuit,
1038 1506 1109 1548 cum
1132 1490 1245 1569 protr-

287 1569 356 1629 chia
374 1569 470 1630 dixit?
488 1592 533 1650 ego
548 1509 648 1628 mades
664 1569 783 1629 honines
797 1568 941 1627 excellenti
954 1569 1046 1626 anino
1061 1611 1074 1641 ,
1093 1588 1129 1628 ac
1143 1568 1246 1627 virtute

284 1649 386 1726 Μὴ,
407 1648 446 1708 Θ
456 1646 516 1721 fine
530 1647 672 1723 destrinxi,
692 1667 796 1708 naturae
808 1646 893 1727 ipfius
907 1644 1006 1706 babitu
1020 1662 1106 1727 prope
1121 1647 1245 1721 divino,

281 1743 332 1807 per
342 1726 461 1806 seipsos
478 1728 517 1788 (J
533 1729 701 1802 moderatos,
721 1727 760 1787 (θ’
774 1749 875 1807 graves
889 1726 1008 1805 extitrffe
1020 1728 1113 1804 fateor
1128 1748 1144 1796 ,⁰
1161 1728 1242 1786 etiam

283 1805 361 1865 ittud
375 1808 498 1884 adjungo
512 1850 521 1879 ,
535 1808 638 1885 sepius
653 1809 693 1866 ad
706 1808 819 1865 laudem
834 1850 845 1881 ‚
871 1826 953 1885 atque
968 1806 1102 1866 virtutem
1118 1824 1242 1868 mrem

277 1881 340 1957 fine
354 1883 493 1959 doctrina,
515 1906 599 1963 quam
610 1882 669 1959 fine
684 1904 785 1945 natura
808 1886 928 1966 valuiffe
943 1883 1096 1947 dominam
1113 1929 1122 1946 .
1144 1888 1243 1948 Atreu·

283 1962 346 2023 dite
364 1963 485 2045 quaeso:
511 1981 639 2023 naturam
648 1962 709 2037 line
722 1964 844 2025 doctrina
861 2010 870 2041 ‚
900 1988 985 2045 quam
999 1963 1064 2037 stne
1075 1982 1179 2026 natm
1192 1985 1241 2026 va·

283 2041 364 2121 lmfffe
379 2041 530 2103 dedititiam
546 2087 555 2103 .
581 2043 669 2120 Quod
685 2043 706 2105 fi
721 2044 767 2105 ita
782 2044 846 2120 est,
867 2060 900 2107 ut
917 2044 1083 2106 inventioni
1096 2044 1184 2107 cedat
1200 2060 1240 2106 et·

283 2121 343 2183 iem
361 2123 401 2183 rei
416 2122 541 2185 inventae
561 2144 596 2185 co
618 2124 719 2197 nitio,
741 2123 773 2185 ἃ
790 2124 856 2186 usus
872 2169 881 2199 ,
900 2126 1011 2207 quique
1023 2123 1190 2200 invenere,
1209 2143 1257 2185 u··

284 2216 411 2283 trunque
432 2218 466 2264 ut
486 2144 675 2280 anteceditur,
698 2204 805 2265 necesse
822 2204 861 2264 est
879 2225 888 2275 3
910 2225 969 2286 quo
984 2203 1062 2264 item
1083 2204 1240 2286 sequitur,

282 2297 317 2343 ut
337 2280 512 2359 Iudicium,
541 2304 601 2367 quo
621 2286 789 2346 inventores
811 2284 921 2366 prediti
941 2279 1077 2358 suerunt,
1097 2303 1119 2346 a
1138 2301 1245 2345 natura·

281 2359 372 2442 ipsa,
398 2383 458 2424 non
478 2380 576 2425 autem
597 2364 637 2426 ab
654 2364 717 2426 ulla
735 2365 775 2425 rei
798 2363 968 2443 cognitione
995 2363 1137 2424 oriatur.
1161 2360 1235 2439 Quid

281 2460 371 2515 vero,
388 2440 561 2522 srpositemo
574 2465 629 2524 ego
643 2464 761 2527 quoque
769 2444 848 2505 Delii
866 2457 1040 2524 argumento
1058 2463 1156 2504 meam
1166 2441 1235 2504 mul·

280 2534 313 2579 to
335 2522 453 2601 magis,
481 2541 569 2604 quam
587 2523 645 2602 ipse
662 2524 742 2585 suam
766 2521 912 2596 faciebat,
934 2519 1107 2584 confirmem
1131 2522 1236 2584 senten

280 2597 381 2658 tiam?
411 2600 466 2661 tlte
487 2604 564 2662 enim
584 2602 728 2673 Iudicium
747 2603 904 2680 prudentiae
920 2600 1046 2661 studium
1065 2600 1234 2674 efficiebat,

280 2677 382 2758 utqui
397 2680 520 2757 prudens
537 2680 589 2753 stt,
611 2682 635 2740 is
651 2681 724 2741 solus
742 2682 773 2740 itt
791 2680 871 2741 rebus
887 2679 983 2741 dubiis
998 2681 1112 2759 optime
1121 2681 1231 2753 videat,

276 2754 308 2815 δι
325 2755 460 2826 judicet‚·
485 2758 671 2837 prudentiam
693 2778 764 2820 vero
795 2779 830 2820 ert
847 2779 945 2820 retum
966 2760 1140 2839 cognitione
1162 2759 1233 2822 nasci

277 2832 394 2894 volebat
411 2854 417 2893 :
440 2838 502 2915 pati
520 2837 632 2897 ratione
648 2856 703 2917 ego
717 2857 835 2927 quoque
852 2836 927 2899 facio
944 2883 954 2898 .
974 2839 1155 2902 Prudentem
1171 2839 1231 2901 nul·

276 2911 340 2974 lum
355 2915 407 2974 esse
423 2915 525 2995 posse,
551 2917 607 3057 pui
630 2932 740 2978 naturae
754 2918 926 2986 adiumentis
944 2935 1040 2980 careat
1057 2940 1065 2978 :
1088 2939 1150 3001 quo
1165 2919 1232 2981 dato

276 2993 426 3076 sequetur,
447 3011 482 3056 ut
497 3016 548 3075 pru
570 2995 650 3058 entia
664 3013 774 3058 naturae
791 2996 929 3059 beneficio
944 2997 1059 3059 homini
1082 2999 1157 3061 date
1170 2999 1203 3061 stt
1218 3040 1231 3072 ‚

277 3089 366 3155 atque
382 3073 426 3135 ita
439 3095 556 3166 quoque
571 3071 717 3148 Iudicium
735 3078 855 3157 magice
870 3076 1003 3157 prudenti
1012 3093 1230 3160 natura,quam

276 3151 394 3215 abusio
417 3154 541 3217 artificio
557 3155 698 3238 proficisci
714 3156 907 3237 probabitur,
932 3157 1022 3231 Quod
1037 3178 1108 3220 vero
1125 3172 1230 3220 netum

275 3233 375 3293 omnis
393 3234 546 3312 prudentia
565 3234 717 3297 tribuenda
736 3236 788 3310 stt,
807 3235 837 3295 id
857 3234 959 3316 probat
976 3256 984 3307 5
1005 3237 1089 3319 quod
1111 3236 1230 3320 siquem

274 3311 326 3372 iila
341 3311 517 3391 stupidum,
541 3315 648 3376 mentis
663 3315 858 3395 impotentem
873 3360 886 3387 ,
911 3330 998 3398 atque
1014 3336 1033 3377 a
1049 3316 1106 3378 sese
1127 3316 1230 3378 abalie-

271 3404 375 3451 natum
394 3393 547 3471 genuerit,
566 3396 664 3473 potius
685 3414 723 3455 ex
741 3396 847 3477 quovis
869 3394 983 3474 lapide,
1002 3411 1096 3478 etque
1115 3394 1228 3458 limosi-

195 3493 200 3505 ·
274 3469 336 3531 dior
359 3483 410 3530 aut
431 3490 543 3547 manu,
564 3487 618 3534 aut
635 3474 705 3535 caeio
746 3474 863 3536 uamvis
881 3473 1005 3535 formam
1025 3475 1229 3558 excui'pserit,

270 3566 360 3639 quam
377 3550 474 3610 omnis
496 3570 566 3626 ars,
595 3567 686 3634 atque
704 3494 790 3614 sdiers
819 3553 973 3643 preceptio
991 3553 1031 3615 ab
1052 3555 1114 3618 hoc
1141 3556 1227 3617 scien·

270 3645 344 3693 tram
366 3628 459 3691 ullam
480 3629 580 3693 elicere
600 3631 710 3721 possit.
740 3630 796 3692 Iste
816 3648 889 3693 rtem
920 3631 978 3711 ipse
999 3654 1097 3698 rerum
1127 3634 1224 3716 cogni·

268 3710 378 3771 tionem
399 3710 532 3771 omnium·
551 3709 702 3771 amenum
720 3730 749 3771 tn
790 3710 886 3770 isiranr
905 3711 959 3772 esse
980 3710 1098 3781 diceb2r
1110 3759 1122 3775 .,
1145 3711 1225 3790 Quid

270 3788 347 3850 mihi
364 3787 478 3866 obstat,
496 3809 547 3851 cur
564 3809 619 3871 ego
635 3808 753 3872 quoque
789 3808 823 3850 oc
839 3789 936 3870 ipsum
948 3808 1062 3858 naturae·
1077 3814 1149 3860 meae
1164 3812 1226 3885 noti

1133 3888 1188 3936 trl·
