3034 4559
1089 471 1102 515 r

232 542 310 607 Nam
328 538 512 609 admodum
541 538 722 632 adolescens
748 542 797 611 ad
817 542 964 610 bonorum
994 482 1173 612 Antloiim

227 652 344 722 latinu
369 651 537 723 locutionis
565 651 812 746 observationem
851 679 900 722 me
926 651 1037 743 dedi,
1076 675 1173 747 atquc

228 790 255 833 eo
283 765 408 855 modo,
436 791 497 859 quo
525 786 600 834 ante
632 791 680 833 me
709 792 815 841 nemo.
844 772 880 835 A
907 789 968 858 quo
996 792 1060 837 meo
1086 765 1175 851 insli-

224 894 286 947 tuto
312 903 374 948 non
401 878 513 964 destiti
537 878 652 972 prius,
679 902 777 971 quam
806 880 854 950 ael
880 904 951 947 eam
977 878 1175 975 magnitudi-

227 1016 291 1060 nem
319 993 472 1063 volumen
500 992 586 1061 illud
609 990 773 1085 perduxi,
803 1018 867 1087 qua
889 991 989 1086 vulgo
1016 991 1080 1063 cllo
1100 988 1175 1083 jam

170 1117 171 1122 ’
225 1129 319 1173 annos
350 1106 416 1199 sub
453 1105 578 1175 Latina
615 1105 797 1179 Locutiouis
833 1110 1029 1201 Apparatus
1066 1102 1177 1199 inscri-

223 1218 328 1316 ptione
357 1244 378 1285 a
408 1215 515 1288 dollie
538 1217 681 1287 omnibus
708 1220 852 1315 legitur,
882 1220 945 1307 (t,
972 1237 1009 1289 ut
1035 1218 1135 1290 audio
1162 1270 1175 1308 ,

228 1355 282 1400 non
311 1332 442 1425 ingrate
469 1331 616 1427 legitur.
654 1335 725 1420 Quo
753 1333 872 1403 interea
910 1355 1033 1423 quoqne
1060 1350 1176 1424 tempo·

170 1519 171 1524 γ
229 1468 261 1512 re
275 1472 302 1531 ς
342 1470 416 1513 nam
444 1443 483 1513 id
510 1443 619 1531 studii
645 1443 679 1513 in
715 1445 829 1517 multos
855 1470 954 1514 annos
984 1440 1177 1536 produllum

170 1543 172 1548 ¹
229 1556 271 1644 cll
283 1584 304 1645 ,·
332 1556 502 1627 multorum
528 1557 707 1648 bominum,
728 1559 787 1653 qui
813 1552 954 1649 alicujus
976 1558 1053 1651 sum
1083 1555 1178 1626 nomi·

230 1669 311 1755 nis,
340 1688 379 1739 ut
405 1669 524 1766 legenti
549 1670 762 1763 occurrebat,
804 1672 911 1741 vitam
938 1669 1082 1739 breviter
1103 1688 1179 1764 per-

170 1845 171 1860 ,
225 1779 444 1877 stringebam.
485 1788 568 1854 Cum
596 1782 648 1853 lois
671 1783 810 1870 loannis
846 1782 990 1855 Cornelii
1018 1782 1177 1854 Somnium

229 1892 456 1991 conjungitur,
493 1899 528 1968 in
555 1921 616 1991 quo
643 1896 767 1969 Civem·
787 1898 882 1969 illum
900 1896 1094 1995 primarium
1116 1913 1181 1991 pa·

233 2011 326 2079 tentis
352 2009 485 2105 Georgii
520 2011 642 2082 nomine
667 2010 743 2082 vita
764 2003 977 2107 jampridem
994 2008 1103 2105 funlli
1130 2006 1181 2079 oet

236 2124 343 2216 Remp.
371 2119 596 2222 capffndam
619 2123 864 2195 hortabamur.
902 2124 992 2195 Huic
1018 2117 1183 2209 Castrntii

237 2235 307 2303 vita
312 2260 450 2329 ‚quam
479 2235 543 2332 ipfi
528 2236 726 2309 tlatinam
751 2237 909 2330 fecimus,
935 2235 1092 2307 accedit.
1121 2232 1180 2304 Ab

235 2290 417 2444 Appirotus
444 2369 551 2420 eutem
578 2350 717 2419 editione
743 2349 965 2436 Sebastianum
993 2330 1177 2446 Gryphium

169 2460 363 2550 ,luobus
388 2463 563 2559 perpetuis
600 2462 808 2533 Orationibus
833 2457 1013 2556 majestatis
1046 2439 1188 2555 accusa-J

170 2628 180 2662 ,
240 2574 363 2667 vimus,
390 2578 474 2669 qui,
497 2577 603 2671 spreto
618 2575 1179 2671 -RegisDiplomate,Appnratum

169 2685 195 2752 r?
240 2687 367 2774 mstoum
396 2684 595 2788 excufferat,
623 2711 721 2785 atque
749 2690 783 2760 in
812 2690 955 2762 omnibus
983 2686 1181 2772 Gette'essi-

169 2811 195 2865 u·
240 2798 398 2874 lliotbrcis
425 2803 574 2875 venalem
597 2805 832 2900 proposuerat.
860 2802 935 2892 Poll
965 2797 1108 2898 Gryphii
1125 2826 1180 2874 uc·
1286 2842 1287 2845 ¹

169 2905 191 3000 t}
238 2915 417 3008 cusationem
438 2918 500 3012 sub
529 2917 681 2989 Italicam
708 2918 860 2990 Latinam
888 2939 960 2988 cum
982 2914 1181 3012 propriam,

169 3037 194 3086 et
238 3041 293 3098 tum
312 3022 544 3124 figurataml
544 3032 715 3103 acutionem
747 3031 836 3102 ad
822 3056 932 3127 angens
951 3028 1100 3099 volumen
1116 3026 1179 3098 col-

169 3172 188 3194 ·
238 3136 365 3237 legionen
391 3171 429 3213 ex
458 3145 547 3216 bonis
575 3144 717 3233 nostris.
744 3145 842 3234 Quod
868 3165 989 3237 quoque
1017 3160 1096 3235 opus
1124 3138 1182 3211 ab·

169 3284 176 3304 ·
233 3254 387 3344 solvemus
416 3256 668 3353 aliquando,st
696 3255 772 3328 vita
798 3253 922 3354 superf
921 3276 966 3329 t
994 3253 1069 3342 Post
1097 3252 1180 3329 lunt

169 3367 190 3410 '¹
185 3370 275 3439 aa
303 3370 459 3442 Italicam
501 3370 654 3444 rationem
689 3370 841 3442 latinum
868 3374 1076 3466 Apparatum
1112 3393 1182 3440 eam

169 3427 190 3532 ll
239 3484 416 3555 Orationem
438 3484 664 3580 scripstmus‚
704 3508 770 3578 qua
797 3510 853 3581 ego
880 3510 1016 3556 meorum
1044 3480 1183 3554 Civium

169 3575 189 3664 ³l
238 3597 355 3667 romine
382 3599 519 3671 Herculi
548 3596 673 3689 Atestiu
710 3594 870 3693 Alpboust
899 3596 986 3669 Filio
1024 3587 1186 3667 Ferraria
1278 3581 1282 3591 ⁸

238 3710 384 3806 Principi
420 3713 647 3806 gratulabar,
683 3712 773 3806 quod
799 3738 834 3783 re
854 3711 911 3807 sal
910 3736 958 3781 va
981 3728 1118 3800 ‚atque
1144 3731 1183 3781 tot

180 3841 190 3930 '5¹
231 3820 285 3912 sua
309 3825 471 3921 sementia
497 3826 589 3923 apud
614 3826 774 3924 Castorem
802 3822 946 3922 Neapoli
971 3763 1183 3975 inullitntffi
