3034 4559
519 454 973 533 ·oaJtrorcro.
1156 457 1210 537 185

287 529 570 612 uren-affinxistet.
591 538 633 596 At
654 532 776 595 minime
797 532 872 594 tede
893 533 971 595 vidit
987 534 1118 615 Apelles.
1139 536 1252 602 Debuit

286 618 366 679 enim
387 615 477 676 initio
506 608 642 695 cujusque
671 634 723 694 pro
745 613 868 702 persona
888 613 1000 674 tatione
1021 613 1190 678 moestitiam
1210 617 1250 681 es·

284 696 420 779 fingere,
441 714 501 755 non
522 709 619 756 autem
640 709 766 774 parentis
788 692 818 752 in
840 708 943 773 partim
964 713 997 754 ex
1020 693 1137 755 timete.
1157 700 1200 758 At
1218 696 1251 757 in
1317 693 1320 702 '

285 796 319 839 ea
342 771 485 837 mirificus
507 769 564 835 fuit
582 794 601 849 ;Ι
621 774 672 855 qui
694 792 761 834 cum
781 771 859 854 quod
880 772 974 834 careri
995 712 1144 849 lciuenr,
1172 775 1250 854 opti-
1316 772 1319 777 ’

283 876 330 916 me
351 851 482 928 vidisset,
498 852 534 914 ad
556 851 628 914 illud
644 869 741 914 tamen
762 851 908 932 optimum
926 851 940 925 J
945 852 1072 915 udicium
1090 850 1170 915 aliud
1187 874 1248 916 me·

282 935 339 997 lius
359 932 511 1007 adjunxit.
531 935 684 1008 Quantum
705 947 803 994 autem
824 932 951 1012 Scriptot
967 933 997 993 in
1018 932 1141 1013 persona
1159 933 1249 995 ratio·

282 1034 318 1077 ue
341 1012 485 1076 servanda
507 1011 628 1093 prudens
648 1011 700 1073 esse
721 1011 840 1085 debeat,
860 1012 936 1072 nihil
956 1012 1062 1074 attinet
1083 1011 1245 1093 disputare,

283 1112 353 1156 cum
375 1108 550 1174 praeceptum
573 1091 634 1165 srt,
656 1092 784 1154 multum
806 1092 951 1165 interesse,
967 1095 1071 1154 Davus
1100 1092 1247 1171 loquatur,

280 1196 318 1233 art
340 1175 443 1232 Hem.
471 1174 519 1233 Ne
541 1191 575 1232 ue
597 1170 672 1241 Ajax
693 1170 820 1233 sedatum
844 1170 1018 1246 hominem,
1047 1188 1148 1233 contra
1178 1192 1247 1233 veto

270 1250 399 1333 ulyues
419 1193 592 1314 iracundum
614 1250 797 1321 imitabitur3
816 1269 909 1339 neque
930 1250 1090 1312 Mesentius
1115 1251 1246 1312 Deorum
1296 1287 1303 1293 »

282 1330 487 1406 reverentior,
517 1330 623 1392 Medea
646 1350 715 1391 vero
739 1330 832 1409 magis
857 1349 887 1388 1n
907 1327 1028 1410 repudio
1050 1329 1098 1408 pia
1127 1347 1246 1404 mater,
1307 1372 1310 1380 .

306 1432 375 1475 uam
397 1412 503 1473 amotis
528 1409 702 1500 impatiens,
727 1408 895 1470 inducetur.
926 1407 1054 1488 idquod
1071 1406 1156 1469 Muto
1180 1428 1248 1489 ptu-

282 1433 446 1570 deutiffime
470 1488 557 1552 efficit
574 1510 604 1549 tn
621 1487 757 1550 omnibus
782 1486 908 1567 personis
926 1507 936 1558 3
955 1506 1057 1548 vetum
1081 1486 1112 1547 in
1128 1507 1186 1548 uno
1202 1485 1246 1548 lE·

280 1592 338 1636 oea
362 1570 453 1634 etiam
477 1568 661 1650 prudentius.
683 1569 762 1629 Nam
780 1587 846 1629 cum
870 1566 909 1627 est
929 1566 1005 1647 apud
1021 1565 1192 1643 Didonem,
1212 1565 1246 1628 io

281 1650 388 1714 vestitu
404 1650 465 1721 ejus
482 1648 637 1709 mollitiem
654 1648 770 1709 notavit
792 1646 906 1709 dicens:

277 1783 282 1789 .
360 1731 481 1792 AEneaa
497 1727 664 1807 fundantem
685 1749 786 1803 arces,
809 1728 848 1789 (J
869 1723 938 1786 cesla
958 1742 1105 1786 novantem

359 1808 525 1884 conficit,
546 1825 629 1886 acque
650 1805 696 1866 illi
710 1806 842 1885 flellatas
863 1805 972 1886 jaspide
987 1804 1078 1884 fulva
1139 1863 1147 1890 s

363 1825 452 1962 Enlt'rp
461 1905 536 1962 erat,
555 1887 692 1967 Tyrioque
711 1884 827 1946 ardebat
846 1886 945 1947 murice
966 1884 1036 1945 lena
1110 1902 1113 1907 ·
1236 1917 1239 1922 ·

360 1965 491 2047 Demiffa
505 1988 539 2026 ex
553 1964 673 2026 humeris
687 2009 698 2042 ,
718 1966 802 2027 dives
818 1988 877 2047 qua
891 1988 1002 2025 munera
1017 1965 1095 2027 Dida

359 2050 497 2121 Fecerat,
520 2047 559 2108 (9
578 2046 655 2141 ynut'
673 2047 744 2105 telas
765 2046 929 2121 discreverat
949 2061 1028 2103 aare.

279 2130 480 2202 Amatorem,
504 2142 535 2187 at
577 2146 592 2187 e
617 2123 752 2187 uxorium
777 2124 885 2186 Virum
915 2122 1018 2183 melius
1042 2122 1160 2184 induere
1180 2149 1243 2193 non

278 2225 412 2290 poterat.
437 2208 508 2268 Non
564 2220 622 2266 tem
646 2205 688 2265 ita
703 2224 770 2266 cum
794 2203 872 2265 hunc
887 2201 1009 2264 eundem
1034 2202 1128 2273 Trojae
1151 2209 1243 2289 supa·

279 2308 331 2360 rna
348 2287 403 2349 illa
418 2285 504 2352 nodie
520 2300 614 2347 armat
632 2306 641 2356 3
662 2305 722 2345 non
739 2285 811 2345 item
829 2301 895 2342 cum
912 2282 942 2341 in
958 2278 1067 2342 deserta
1082 2279 1176 2360 Lybia
1191 2309 1241 2349 ex.

275 2368 384 2449 positus
400 2363 454 2428 est.
475 2363 542 2425 Nifi
566 2363 643 2427 hunc
665 2382 781 2445 quoque
797 2382 831 2421 ea
847 2360 960 2422 ratione
976 2357 1165 2443 excusemus,
1186 2368 1240 2449 qui

277 2447 355 2528 apud
378 2444 489 2506 alienos
510 2443 599 2506 domo
623 2441 745 2525 pulsus,
768 2439 840 2503 mari
865 2438 995 2513 elesius,
1016 2458 1140 2517 eorum,
1162 2445 1240 2527 apud

277 2546 351 2609 quos
376 2524 510 2587 detentus
535 2524 629 2597 esset,
659 2524 770 2604 risorem
795 2519 908 2659 agendo
932 2518 1093 2599 sequeretur
1110 2547 1119 2598 3
1139 2545 1240 2589 contra

277 2626 349 2668 veto
375 2604 520 2678 timidos,
550 2621 637 2685 atque
659 2600 789 2669 imbelles
837 2599 948 2660 omines
972 2598 1061 2662 etiam
1086 2607 1117 2669 in
1138 2604 1241 2683 bello,

275 2706 343 2748 cum
360 2686 465 2748 vestitu
481 2683 598 2823 egregio
615 2726 624 2757 ,
645 2698 710 2743 tum
725 2678 902 2763 fulgentibus
918 2679 1006 2742 armis
1023 2677 1094 2749 solet
1110 2707 1239 2764 armare,

275 2761 526 2848 quemadmodum
541 2763 551 2823 i
565 2762 644 2824 lum:

351 2841 451 2905 Stabat
471 2844 501 2903 in
521 2843 631 2921 egregiis
652 2840 778 2903 Arcentis
790 2837 872 2916 filius
893 2841 976 2901 armis

353 2920 450 2983 Pictas
465 2944 518 2983 acu
534 2918 725 2997 chlamydem,
751 2920 790 2983 (J
802 2922 943 3003 ferrugine
958 2920 1048 2982 clarus
1064 2925 1159 2988 lbera,

273 3000 324 3066 lta
345 3002 436 3064 etiam
457 3002 493 3063 de
512 3000 662 3063 Antonio:
1134 3050 1137 3055 .

356 3082 432 3144 Hinc
448 3096 495 3161 ope
507 3078 649 3140 barbarica
665 3080 753 3141 variis
770 3080 906 3139 Antonias
921 3079 1030 3155 armis,

271 3161 305 3226 δι
319 3179 387 3244 quae
404 3159 420 3221 s
452 3176 575 3224 uuntur.
598 3158 696 3222 Habet
713 3176 811 3220 tamen
827 3156 972 3219 interdum
989 3160 1038 3223 ubi
1055 3160 1198 3255 aptissime
1216 3187 1235 3227 a

271 3239 332 3303 sese
348 3239 424 3302 disee
463 3255 489 3302 t.
515 3237 641 3302 Nam&
658 3260 676 3301 a
691 3235 829 3319 persona,
848 3256 938 3318 quam
954 3237 1006 3318 ipsr
1022 3263 1167 3324 gerimus,
1183 3261 1235 3307 aut

269 3338 403 3410 quaeunt
426 3317 565 3399 agimus,
588 3334 621 3381 ut
637 3316 795 3400 aliquando
810 3316 984 3379 discedamus
1003 3322 1102 3394 ,reste
1118 3325 1238 3404 permit·

271 3414 296 3472 tr
314 3395 448 3458 videtur.
468 3397 615 3480 Agesilaus
639 3398 701 3463 Rex
716 3416 810 3471 cum,
831 3395 861 3457 in
907 3398 1004 3462 rivato
1020 3401 1234 3481 deambulans,

270 3473 398 3557 legatis
415 3473 618 3554 responderet,
637 3498 700 3540 ecce
715 3475 770 3539 tibi
787 3474 847 3546 eius
864 3417 941 3540 filius
957 3500 1027 3561 puer
1044 3482 1135 3563 longa
1149 3505 1234 3546 arun·

266 3551 343 3620 dine
372 3572 429 3637 per.
449 3556 629 3632 conclaviae
648 3575 802 3638 puerorum
826 3575 929 3633 more,
952 3562 1145 3643 exequirant.
1174 3563 1234 3626 Hic

263 3651 340 3693 cum
357 3628 395 3690 ad
410 3641 521 3707 patrem
539 3637 652 3717 Regem
668 3634 819 3700 accessisset
835 3678 845 3710 ,
861 3638 1031 3702 arundinem
1048 3641 1093 3702 illi
1109 3640 1232 3702 alteram

262 3704 408 3796 obtulit,
424 3726 550 3793 ,eamque
571 3716 650 3797 quasi
669 3714 870 3789 conscendere,
892 3738 924 3779 ac
943 3717 971 3780 se
991 3719 1147 3793 equitando
1168 3719 1235 3780 imi·

262 3802 326 3849 ¹²¹1
349 3800 461 3864 ⁰⁰⁰8&
483 3791 571 3869 Quod
591 3793 683 3862 facilis
702 3812 785 3882 patet
806 3812 839 3860 ut
859 3797 886 3862 ei
907 3796 1066 3876 concessit,
1095 3818 1128 3862 ac
1149 3798 1176 3862 se
1196 3819 1233 3861 eo

1134 3898 1196 3941 mo-
