3034 4559
447 453 452 464 ·
535 432 562 492 L
600 433 619 490 1
655 435 681 491 B
720 434 747 492 Ε
786 434 815 492 R
873 435 911 493 H.
986 495 989 500 ,
1123 456 1165 518 47

254 516 343 582 ustiea
359 510 451 575 secisse
470 508 621 573 manifesto
641 528 775 598 apparet.
797 514 877 574 Nam
894 510 946 593 qui
962 511 1123 576 Historiam
1139 536 1204 580 ver·

254 598 311 659 bus
334 591 459 655 scribant
487 592 657 673 perpetuis,
687 613 746 653 non
770 592 837 654 saris
858 592 1036 669 commode,
1057 609 1144 676 atque
1166 616 1203 658 ert

257 677 290 740 su
310 673 404 736 facere
426 670 586 744 videntur3
608 671 691 733 sicuti
710 672 799 733 etiam
816 693 909 756 neque
929 672 1045 747 adhuc,
1069 673 1120 755 qui
1137 696 1204 738 eam

254 756 370 835 lialogo
391 749 755 836 persequatur,quisquam
777 750 816 814 est
831 753 983 815 inventus.
1005 754 1084 815 Huic
1105 770 1203 817 autem

254 853 300 900 ute
324 852 390 896 rum
420 829 542 893 arbitror
563 828 712 909 futurum,
733 849 849 908 utrum,
870 852 960 914 quam
980 831 1039 914 ipse
1059 829 1109 894 libi
1125 855 1206 897 corn-

254 937 270 980 u
312 936 329 976 e
343 912 527 976 constituerit
537 932 592 988 ,an
608 928 691 989 eam,
706 913 737 973 in
753 934 813 996 qua
833 933 894 974 rron
911 912 1009 993 inepte
1026 912 1153 976 versatus
1169 913 1205 978 stt

255 997 313 1066 lius
322 1038 332 1068 ‚
341 993 423 1057 viam
431 992 563 1073 persequi
570 993 654 1055 malit
664 1015 673 1066 3
682 991 770 1055 modo
777 991 999 1069 Latine,modo
1014 991 1206 1069 ornate‚mo·

254 1082 279 1140 Lo
286 1071 454 1156 splendide,
469 1087 613 1155 quantum
630 1072 671 1135 rei
686 1071 824 1154 dignitati
833 1072 1208 1154 conveniet,explicet,at-

254 1175 301 1247 pue
317 1154 488 1293 eloguatur:
510 1152 560 1213 etsi
577 1152 694 1234 propria
707 1153 802 1243 magis
819 1153 942 1219 omnino
959 1168 1023 1215 tuta
1037 1151 1153 1216 videtur
1168 1153 1207 1224 ad

254 1233 312 1298 urti
336 1232 368 1295 su
380 1232 526 1313 picionem
554 1253 673 1295 omnem
696 1232 912 1296 devitandam.
941 1231 1056 1294 Verum
1085 1232 1210 1314 siparia

254 1316 295 1378 int
317 1313 439 1386 omnia,
459 1332 503 1375 res
525 1313 651 1388 eadem,
671 1311 800 1395 lingua,
821 1312 1010 1374 &orationis
1032 1332 1123 1392 genus
1145 1332 1206 1375 non

254 1392 396 1464 lislimile3
418 1393 559 1453 continuo
582 1409 633 1454 aut
653 1393 775 1455 cum'iis
796 1391 990 1473 scriptoribus
1010 1389 1093 1452 nobis
1113 1411 1157 1453 res
1175 1412 1204 1453 e·

254 1474 301 1550 it,
323 1472 379 1556 qui
400 1471 481 1534 inea
497 1492 556 1532 non
577 1472 678 1536 omnia
696 1471 852 1547 viderint,
896 1470 926 1534 ui
953 1470 985 1531 in
1004 1469 1207 1538 constituendo

254 1574 347 1618 rarum
370 1551 481 1633 egerint
497 1568 589 1632 apte,
610 1553 661 1635 qui
682 1552 806 1634 denique
826 1492 910 1613 nullo
931 1548 1205 1631 pronunciaritrtor·

254 1649 336 1704 tatu3
355 1648 407 1694 aut
423 1632 476 1715 qui
498 1632 557 1695 hac
579 1634 682 1695 omnia
700 1652 767 1713 egre
789 1632 815 1694 ie
836 1629 1042 1713 praelliterint,
1072 1650 1106 1691 ac
1126 1628 1205 1692 nihil

254 1712 422 1787 rmiserint,
449 1712 529 1793 quod
548 1714 687 1794 cuiquam
707 1653 856 1775 desiderari
899 1707 964 1774 ollit
986 1755 993 1769 .
1023 1709 1102 1771 Cum
1124 1710 1205 1856 sulpe-

1178 1811 1206 1854 e·

254 1792 368 1856 loribus
390 1791 477 1873 longe
498 1792 583 1854 nobis
603 1794 658 1856 erit
680 1790 794 1856 facilior
815 1813 855 1875 qu
914 1789 1116 1872 concertatio.

255 1874 394 1963 inquetut
416 1872 495 1933 enim
517 1872 627 1953 semper
647 1893 712 1955 pars
733 1895 794 1936 non
815 1873 939 1954 exigua,
960 1870 991 1932 in
1012 1890 1073 1951 qua
1092 1886 1143 1933 aut
1161 1871 1207 1933 irt-

254 1950 390 2014 teurendo
409 1951 628 2032 locupletiorem
647 1998 657 2029 ,
675 1970 727 2017 aut
751 1951 928 2018 instituendo
948 1948 1208 2030 compofitiorem,

254 2048 295 2100 tut
316 2030 441 2094 dicendo
460 2035 556 2115 magis
575 2032 715 2102 illustrem
734 2036 898 2096 orationem
927 2029 1054 2093 nostram
1075 2050 1209 2111 compro·

254 2131 347 2174 temus
364 2155 372 2171 .
392 2111 435 2174 Ut
457 2110 478 2171 fi
498 2113 564 2195 quis
586 2112 708 2189 Pidor,
728 2109 977 2255 Quemadmodum
997 2132 1015 2171 a
1036 2108 1074 2171 ud
1096 2109 1208 2172 Hercu-

254 2212 303 2254 em
325 2191 443 2252 Patrem
464 2206 548 2255 tuum
571 2191 680 2254 fastum
701 2194 733 2256 vi
753 2213 808 2268 es,
840 2192 1005 2272 Gigantum
1062 2188 1135 2249 llum
1156 2187 1207 2250 ad-

254 2270 343 2334 rersus
372 2271 450 2332 Deos
516 2272 617 2334 nicillo
636 2273 727 2347 rudi,
753 2289 842 2361 atque
872 2269 1010 2354 impolito
1036 2264 1205 2347 informet,

254 2350 326 2434 ruod
353 2350 451 2431 postea
478 2292 590 2416 promor
617 2371 721 2414 manus
744 2350 895 2431 excipiat,
925 2364 1013 2429 atque
1041 2344 1207 2426 addendo,

254 2450 311 2494 mm
354 2429 476 2506 nendo,
503 2432 660 2497 colorando
688 2432 777 2512 longe
797 2425 1023 2501 admirabilior,
1053 2424 1206 2508 magisque

254 2530 300 2574 :on
308 2510 437 2651 dimum
459 2510 604 2604 effingat,
624 2529 714 2595 atque
734 2510 902 2592 exprimat.
922 2508 958 2570 In
981 2525 1042 2590 quo
1064 2526 1130 2582 uno,
1144 2504 1207 2568 elst-

254 2591 308 2653 :ien
329 2610 374 2666 o,
396 2589 448 2671 qui
467 2591 626 2655 dodlrorem
648 2612 770 2654 manum
791 2588 964 2662 adhibebit,
993 2585 1152 2667 plurimum
1174 2588 1208 2648 in

254 2691 278 2734 ro
300 2670 465 2742 adjumenti
486 2673 536 2735 sibi
556 2673 690 2736 reliburn
710 2672 763 2734 else
784 2670 888 2733 sentiet
905 2690 914 2741 3
930 2664 1039 2751 quod,
1060 2686 1149 2748 quem
1165 2664 1206 2730 sa·

254 2750 298 2812 ile
319 2748 452 2831 superet,
471 2754 649 2835 propositum
672 2750 790 2815 habebit
812 2748 1022 2812 adversarium.
1043 2744 1208 2810 Romulum

254 2829 441 2905 limasejum,
480 2855 547 2896 uem
568 2834 675 2898 Virum
695 2832 755 2905 jam
775 2831 876 2912 saepius
904 2826 1023 2892 honoris
1041 2825 1136 2890 caussa
1156 2848 1208 2890 no·

254 2911 347 2984 mino,
369 2929 437 2971 curn
459 2853 597 2978 dononiae
618 2915 677 2988 ejus
698 2913 815 2975 auditor
835 2910 946 2983 essem,
974 2908 1007 2969 in
1028 2906 1083 2969 boc
1103 2927 1208 2988 genere

254 2990 334 3052 ludii
354 2989 419 3050 sum
438 2994 622 3056 admiratus.
652 2997 733 3056 Nam
753 2990 868 3083 quoties
897 2989 974 3050 inter
1002 2985 1209 3065 explicandum

254 3068 377 3160 [itaut
398 3067 461 3155 fit]
491 3075 627 3137 Historia
648 3095 713 3155 pars
733 3073 832 3154 aliqua
852 3070 883 3130 in
904 3062 1072 3148 praesentem
1095 3080 1209 3145 partem

254 3150 391 3216 mcidiss‘et
420 3155 613 3235 exponenda,
641 3154 693 3217 etsi
719 3153 751 3214 in
774 3148 908 3213 omnibus
937 3146 988 3208 ille
1016 3143 1058 3206 sui
1087 3142 1208 3234 quidem

254 3229 360 3311 semper
381 3250 442 3296 erat
464 3233 651 3309 simillimus,
680 3252 782 3297 verum
803 3232 824 3292 sr
844 3249 909 3291 eam
931 3243 1031 3289 tamen
1050 3243 1086 3283 er
1106 3226 1209 3307 ahquo

255 3309 396 3391 scriptore
417 3315 514 3378 minus
533 3314 676 3396 eleganti,
696 3328 726 3373 at
749 3333 785 3373 ue
806 3309 970 3392 impolito,
991 3326 1024 3368 ac
1045 3323 1148 3386 parum
1164 3321 1208 3368 et·

257 3388 312 3452 iam
340 3394 501 3475 composito
529 3393 675 3475 sumptam
695 3334 861 3467 haqouisset,
888 3404 1032 3473 quantum
1054 3405 1119 3476 eam
1139 3404 1209 3464 cum

257 3547 263 3557 .
290 3488 318 3533 te
338 3472 534 3551 instituendo,
555 3491 620 3537 tum
639 3474 723 3536 omni
743 3472 893 3553 elegantia
913 3466 1064 3552 splendore
1083 3462 1210 3554 dicendo

255 3548 430 3630 lustraret,
451 3571 482 3618 at
504 3575 540 3615 ue
559 3567 770 3634 componeret,
791 3551 850 3616 dici
868 3572 929 3614 non
949 3545 1064 3629 potest.
1084 3545 1136 3633 Sto
1156 3561 1207 3606 au*

259 3646 314 3692 tem
336 3574 570 3713 prudentilllmus
590 3634 735 3714 Scriptor,
755 3633 865 3715 quique
885 3622 1209 3716 aptissimeconlbtuat,

258 3727 339 3801 atque
360 3716 507 3795 splendide
527 3716 698 3795 eloquatur,
719 3713 818 3776 locum
837 3714 966 3776 nostrum
987 3723 1067 3787 prius
1086 3720 1208 3842 omuga.-

258 3807 309 3869 nt,
329 3815 454 3878 emtique
474 3795 517 3857 ita
537 3810 634 3858 totum
654 3791 899 3869 commumrerit,
918 3790 1017 3876 itaque
1036 3781 1207 3922 ,ίυιὲῐὲἰξέτ
1304 3806 1305 3814 ’

1066 3915 1068 3918 ·
1156 3903 1168 3937 θ
