3034 4559
325 459 363 522 24
483 440 1039 504 DE'lMlTATIONE

280 524 357 583 recle
373 518 488 583 fortall'e
509 521 639 604 permitti
700 522 776 593 tuit3
796 538 830 583 ut
849 540 919 583 vero
996 519 1164 590 latimcurn
1186 518 1237 580 bo-

278 602 393 663 minum
415 602 551 683 ingenia,
572 619 634 662 tum
681 600 749 663 udia
772 601 860 683 usque
880 622 916 661 eo
949 622 1018 661 eex
1061 600 1157 661 liendo
1174 618 1234 678 per·

279 701 409 756 venete,
432 698 466 743 ut
487 702 572 763 poene
594 681 695 742 omnia
723 678 861 743 haberent
882 678 1004 741 absoluti
1027 699 1117 754 rma,
1146 695 1234 759 atque

319 758 500 836 rfeflillima‚
520 782 553 822 ac
573 759 707 842 cujusque
723 762 765 822 rei
780 760 859 842 quast
874 758 1060 821 cettiffimam
1076 760 1136 819 ima
1159 759 1236 818 inem

291 842 330 903 rbi
352 840 541 915 effluxissent,
560 840 719 923 plerunque
733 840 769 902 ad
789 860 889 902 eorum
906 839 1036 929 regulam
1052 838 1120 900 cert‘
1145 856 1237 899 imant

278 922 383 1001 agendi
405 921 548 982 rationem
570 920 750 1002 dirigendam
778 922 850 994 elle,
882 918 952 981 bont
983 939 1082 980 omnes
1103 935 1236 997 compro-

279 1000 353 1061 balle
372 998 509 1061 videntur
525 1045 532 1060 .
555 1002 636 1072 Quin
660 1001 751 1061 etiam
771 1001 804 1061 in
824 1000 885 1079 ipio
907 1016 1016 1061 natura
1036 997 1137 1059 nostra
1156 996 1235 1058 bono

276 1077 436 1139 excolendo
456 1080 532 1140 nihil
555 1079 665 1160 prorsus
687 1078 811 1145 obfuerit
832 1081 953 1153 habete,
972 1078 1010 1139 ad
1030 1077 1109 1148 cujus
1129 1074 1235 1156 irnagi·

277 1176 346 1219 nem
367 1157 398 1218 id
418 1160 624 1239 expoliamus,
645 1176 733 1241 atque
753 1157 904 1241 perfee'tius
926 1157 1126 1227 absolvamus3
1148 1172 1181 1217 ut
1202 1175 1235 1215 o·

277 1237 382 1298 mnino
410 1236 471 1299 haec
491 1240 627 1301 imitandi
648 1242 725 1303 ratio
742 1260 810 1302 curn
831 1239 986 1301 hominum
1009 1237 1107 1299 studiis
1130 1279 1139 1310 ,
1169 1250 1234 1295 tum

278 1317 370 1379 etiam
410 1334 520 1381 natura
548 1318 688 1381 beneficio
719 1320 880 1400 plurimum
909 1315 1058 1399 profutura
1087 1316 1120 1377 fit
1144 1360 1151 1373 .
1193 1313 1235 1373 Il·

279 1396 329 1457 lud
351 1412 450 1458 autern
473 1400 503 1459 iu
524 1401 644 1479 primis,
664 1400 713 1462 etfi
736 1400 879 1481 postremo
899 1400 930 1459 in
951 1398 1017 1459 loco
1038 1395 1162 1478 politum
1183 1393 1234 1482 stt,

277 1475 433 1557 diligenter
453 1479 542 1540 etiam
559 1525 568 1554 ,
587 1497 675 1561 atque
695 1482 785 1541 etiam
806 1481 861 1541 erit
880 1476 1064 1549 videndum,
1094 1491 1155 1548 ut,
1180 1492 1234 1554 qut

275 1556 333 1617 live
355 1574 489 1619 naturam
510 1560 590 1619 suam
613 1577 729 1620 tantum
751 1560 907 1639 sequatur,
935 1557 992 1618 five
1012 1555 1063 1636 qui
1085 1554 1185 1614 alienae
1207 1548 1236 1611 se

274 1654 392 1717 quoque
412 1635 606 1711 commiserit,
627 1638 667 1698 rei
690 1640 721 1698 in
741 1637 860 1716 primis,
881 1654 940 1715 qua
959 1634 995 1695 de
1015 1651 1129 1721 agetur,
1148 1647 1236 1692 natu·

278 1730 341 1773 ram
363 1716 503 1776 attentius
533 1715 689 1789 observet,
718 1732 749 1776 at
772 1735 807 1777 ue
833 1714 974 1777 custodiat
996 1706 1234 1791 diligenttllune5

279 1793 527 1873 quemadmodum
544 1795 649 1867 Mam,
671 1795 723 1875 qui
743 1736 802 1856 dio
818 1813 959 1867 nurnero,
974 1807 1061 1873 atque
1081 1786 1236 1851 verborum

277 1872 442 1952 granditate
473 1872 573 1934 tubam
596 1872 737 1948 inflavit,
765 1893 833 1935 cum
857 1873 949 1938 linea
978 1889 1116 1944 errores,
1145 1885 1235 1958 atque

276 1970 320 2011 res
334 1951 406 2021 -ejue
431 1952 563 2033 ptaeclate
587 1952 678 2033 gestas
702 1953 808 2015 cecinit
831 1973 840 2021 3
872 1953 957 2026 alio,
978 1972 1045 2014 cum
1071 1950 1110 2011 rei
1127 1947 1234 2010 rusltcae

275 2026 339 2109 [ut
365 2031 532 2093 Bucolicum
555 2050 673 2094 carmen
696 2033 784 2114 longe
807 2031 864 2093 hoc
883 2052 1000 2115 quoque
1024 2028 1140 2092 inferius
1157 2046 1235 2088 nunc

275 2110 444 2192 omittam]
467 2127 609 2202 praecepta
631 2111 762 2174 tradebat
780 2133 790 2183 3
814 2132 881 2173 cum
898 2112 999 2172 eodem
1018 2129 1115 2172 tarnen
1131 2124 1235 2197 genere

273 2188 372 2251 versus
397 2210 499 2253 omma
521 2192 757 2274 persequeretur;
780 2191 868 2267 Quod
892 2189 927 2252 de
950 2211 1009 2253 uno
1031 2187 1170 2251 scribendi
1185 2205 1236 2276 ge·

272 2287 340 2330 nere
361 2268 497 2347 dicium,
522 2272 557 2333 de
580 2271 715 2334 omnibus
731 2271 843 2336 diftum
868 2270 967 2332 volo.
999 2270 1054 2332 Sed
1077 2268 1155 2341 iam,
1180 2282 1232 2346 qur

274 2348 360 2410 nobis
380 2350 516 2413 imitandi
537 2351 592 2413 fint
608 2352 767 2427 Auciotes,
787 2350 916 2442 quosque
935 2349 1020 2412 duces
1036 2348 1116 2429 sequi
1133 2344 1234 2407 debea-

273 2448 365 2503 mus,
389 2431 532 2511 erplicate
556 2431 781 2511 aggrediamur.
804 2431 922 2512 Optimi
946 2430 1037 2511 igitur
1060 2428 1092 2489 in
1116 2443 1232 2516 quaque

271 2504 435 2583 facultate,
458 2530 583 2591 quotum
600 2510 705 2573 similes
721 2511 826 2585 fimus,
842 2509 924 2571 nobis
948 2505 1129 2589 proponendi
1147 2504 1232 2579 sunt,

272 2587 446 2659 ¹Aullotes3
474 2590 558 2662 nifi,
592 2608 681 2669 quern
703 2589 754 2649 sibi
780 2588 901 2670 quisque
926 2592 964 2648 ad
987 2584 1162 2648 imitandum
1188 2582 1232 2645 su·

275 2665 413 2745 sceperit,
437 2687 503 2727 eum
528 2666 681 2745 superare,
704 2684 757 2729 aut
779 2668 869 2728 etiam
892 2686 1030 2747 aequate,
1052 2684 1178 2746 quotum
1200 2682 1231 2724 u·

274 2759 411 2825 trumque
431 2746 471 2806 est
492 2744 636 2818 difficile,
657 2767 690 2807 ac
712 2765 882 2826 pertarum,
904 2766 964 2809 non
987 2742 1073 2825 poffit
1090 2742 1233 2812 omnin03

274 2823 377 2883 saltem
399 2844 434 2884 eo
458 2824 490 2884 in
515 2824 580 2884 loco
603 2824 760 2899 consiliat,
783 2844 843 2906 quo
869 2826 979 2905 prorsus
1003 2824 1094 2896 jacere
1109 2844 1169 2884 non
1186 2821 1232 2884 vi·

276 2902 403 2977 deatur,
428 2924 461 2964 ac
485 2904 515 2964 in
540 2923 574 2963 ea
597 2924 714 3043 quoque
736 2903 1021 2966 commendationem
1044 2904 1174 2984 aliquam
1190 2900 1231 2967 fe·

274 2997 338 3057 rat,
360 2983 412 3064 qui
437 3004 496 3045 non
521 2981 604 3044 humi
618 2986 646 3044 ia
670 2984 817 3058 sectatus,
842 2983 873 3044 in
897 2984 1049 3066 deligendo
1074 2984 1149 3045 telle
1170 2979 1230 3043 sen-

273 3061 331 3122 fisse
354 3062 519 3133 judicetur.
542 3065 624 3140 Quos
642 3080 739 3125 autem
756 3065 885 3144 optimos
901 3065 1086 3146 intelligam,
1103 3063 1125 3123 ii
1142 3062 1232 3143 plane

273 3141 365 3216 sunt,
387 3143 441 3224 qui
464 3141 546 3204 nobis
571 3143 623 3204 usu
646 3187 655 3217 ,
687 3164 720 3204 ac
744 3142 887 3205 bonorum
913 3144 1078 3206 testimonio
1101 3142 1231 3203 maxime

270 3221 528 3301 comprobantur.
565 3222 706 3283 Caesarem
731 3221 763 3284 in
793 3223 921 3285 Historia
944 3223 1048 3285 Cicero
1070 3222 1230 3305 plurimum

271 3301 458 3362 commendat
482 3323 492 3371 3
520 3301 687 3363 Sallustium
712 3304 799 3393 usque
829 3323 865 3363 eo
889 3302 1009 3384 quidam
1037 3304 1067 3363 in
1093 3301 1229 3363 Romana

270 3379 463 3454 extulerunt,
493 3395 525 3440 ut
546 3380 590 3440 illi
612 3383 641 3442 in
664 3403 698 3443 ea
719 3383 912 3462 principatum
932 3380 1038 3445 deferte
1061 3402 1120 3443 non
1146 3380 1228 3442 dubi·

272 3460 388 3529 tarint3
413 3479 481 3520 cum
506 3459 595 3520 Livio
617 3462 742 3523 ladleum
766 3462 955 3541 eloquentia,
978 3476 1010 3522 ut
1034 3460 1086 3540 ipst
1107 3459 1227 3534 dicunt,

271 3538 330 3608 iarn
348 3537 476 3628 plerique
492 3537 620 3628 tribuant
636 3541 807 3630 candorem.
823 3539 950 3630 Catoni,
967 3539 1094 3601 Varroni
1111 3582 1121 3613 ,
1137 3539 1228 3629 Colu-

272 3619 405 3778 lfflaea
418 3617 1078 3779 [mlislilmllldffliallll‘lmilla?
1095 3640 1227 3759 llil*

261 3743 439 3854 -vit'euuo,
464 3779 497 3838 itt
520 3778 571 3839 suo
592 3776 696 3861 cuique
719 3744 857 3842 s‘ctibendi
881 3799 1012 3861 genere,
1036 3744 1123 3866 atq’ue
1148 3742 1226 3844 ordi:

1149 3876 1186 3917 tte
