3034 4559
279 558 379 613 nuum
397 541 578 630 scriptionem
595 544 675 607 suam
692 543 809 607 habebit
826 547 963 609 omnino.
987 548 1067 609 Nam
1084 544 1104 611 si
1122 490 1246 632 quid5ex

278 641 312 692 ea
330 630 363 690 in
380 628 464 689 suum
481 626 539 707 ipse
560 626 661 701 usum,
676 645 709 686 ac
725 626 913 687 commodum
950 627 1017 688 aulo
1033 628 1149 691 liberius
1166 648 1245 693 tran»

275 708 420 782 llulerit,
448 725 508 767 non
528 705 667 766 continuo
695 706 829 767 omnium
850 648 1015 782 acmsdtio,
1036 728 1130 790 neque
1150 729 1242 790 repre·

277 785 378 849 liensro
408 786 435 847 ei
455 785 600 847 subeunda
622 785 702 846 erit:
732 785 848 866 quando
877 787 985 868 legenti
1015 787 1105 849 altera
1133 786 1244 849 sortasse

276 868 319 929 lin
343 865 523 929 uaminime
543 881 614 926 nota
630 864 681 926 esse
697 866 822 945 poterit.
843 866 955 927 Deinde
976 885 1061 941 vero,
1078 868 1156 949 quod
1172 868 1245 937 jam·

276 889 393 1029 pridem
415 945 558 1007 bonorum
579 951 675 1019 inore,
693 959 780 1027 atque
802 946 1006 1008 consuetudine
1028 947 1056 1007 id
1077 948 1194 1010 videtur
1209 946 1244 1007 sr-

273 1046 312 1088 ne
332 1026 396 1088 ulla
416 1024 578 1087 offensionis
599 1025 684 1105 culpa
704 1024 767 1085 fieri
787 1027 890 1105 posse:
911 1026 1157 1108 quemadmodum
1174 1047 1242 1089 cum

258 1106 384 1170 ,Gratis
416 1105 579 1179 Plautum,
608 1104 639 1165 u
659 1104 831 1165 Terentium
862 1103 952 1167 secisse
974 1105 1114 1181 constat,
1137 1107 1241 1189 quiin

276 1184 340 1246 suas
359 1184 479 1246 Latinas
496 1182 606 1245 fabulas
623 1204 657 1245 etr
669 1184 780 1246 Graecis
796 1182 899 1246 sabulis
917 1186 994 1247 locos
1010 1186 1136 1268 integros
1154 1187 1245 1248 trans·

275 1261 348 1325 serre
370 1273 431 1325 non
451 1263 647 1324 dubitarunt:
669 1264 741 1345 quin
761 1281 861 1325 eorum
882 1266 971 1326 etiam
988 1265 1061 1326 alter
1082 1286 1116 1326 err
1131 1266 1241 1328 duabus

276 1344 386 1405 Gtaecis
410 1363 498 1405 unam
529 1345 609 1404 suam
639 1343 776 1404 Latinam
798 1340 955 1425 aliquando
978 1343 1027 1404 sibi
1052 1344 1146 1407 effecit
1166 1347 1242 1407 inte·

275 1435 384 1563 pram
406 1423 512 1485 clamet
531 1421 582 1483 ille
602 1422 692 1504 usque
712 1422 781 1484 licet
798 1420 890 1483 sutem
907 1467 916 1497 ,
936 1444 996 1484 non
1019 1424 1138 1485 Poetam
1159 1423 1239 1487 fabu-

287 1522 335 1563 am
358 1501 460 1563 dedisse
478 1503 563 1575 shut
586 1522 621 1563 ue
641 1503 735 1583 magis
757 1501 808 1562 esse
829 1502 1044 1576 contaminare,
1065 1522 1155 1585 quarn
1172 1503 1239 1564 scri·

274 1582 340 1643 bere
362 1579 500 1658 fabulas,
529 1523 674 1644 indmulet
696 1601 703 1641 t
734 1581 821 1663 longe
843 1581 951 1662 semper
971 1582 1105 1664 equidem
1127 1583 1239 1659 Laelii,

275 1660 474 1742 &Scipionis
499 1662 664 1737 judicium,
714 1681 781 1723 uam
809 1664 916 1726 veteris
937 1661 1031 1724 Poetae
1054 1661 1239 1725 obtresiatio·

275 1761 363 1814 nem,
386 1739 500 1802 fecerim
522 1742 627 1823 pluris.
644 1743 687 1803 At
743 1763 794 1803 aro
816 1743 903 1805 nimis
923 1737 949 1802 fr
986 1762 1055 1804 uens
1076 1742 1107 1803 in
1128 1742 1242 1804 Home-

273 1835 305 1882 ro
327 1821 393 1895 est,
426 1821 569 1911 nimisque
590 1840 706 1901 apertus
727 1866 736 1897 ,
757 1823 808 1904 qui
830 1837 924 1904 partes
947 1842 964 1883 a
1003 1821 1122 1884 verbum
1151 1842 1239 1903 poene

272 1898 500 1962 innumerabiles
517 1921 548 1961 tn
564 1900 644 1962 suam
659 1901 806 1963 lEneidem
824 1900 974 1964 transferte
990 1921 1051 1963 non
1070 1902 1238 1974 dubitavit;

271 1993 306 2042 ut
326 1979 359 2041 in
387 1979 479 2041 AEneae
508 1982 699 2061 tempestate,
727 1999 817 2064 quam
840 1996 933 2044 totam
963 1980 999 2042 ab
1022 2002 1057 2043 eo
1076 1982 1238 2063 surripuisse

273 2058 483 2122 criminantur.
513 2062 620 2142 Neque
647 2060 718 2121 item
739 2061 842 2123 Cicero
863 2081 922 2122 non
942 2061 1079 2123 exomni
1100 2062 1240 2136 Gracia,

272 2139 416 2279 διὲὶσῗυίἀ
437 2140 464 2199 ei
486 2138 589 2214 libuit,
608 2140 704 2200 minus
725 2140 756 2201 in
778 2140 827 2204 sua
848 2141 951 2222 scripta
972 2140 1160 2232 compilavit.
1181 2144 1238 2203 Re·

357 2238 413 2278 ane
435 2236 556 2300 uterque
586 2219 616 2280 dt
635 2220 805 2299 prudenter.
834 2220 888 2281 Sed
918 2219 1014 2281 multo
1034 2235 1124 2280 ettam
1153 2220 1236 2298 plura

275 2296 427 2379 sumpserit
447 2300 534 2360 Maro
561 2296 682 2380 [neque
702 2300 780 2359 enim
811 2299 895 2359 illum
917 2317 1057 2380 umquam
1077 2297 1237 2377 surripuisse

272 2374 458 2458 fatebimur]
488 2394 548 2440 tarn
579 2377 608 2438 id
631 2391 727 2457 apte,
758 2393 819 2439 tam
841 2395 908 2438 cum
929 2397 959 2437 te
981 2376 1054 2450 sua,
1084 2393 1145 2437 tam
1168 2398 1237 2440 cum

273 2472 378 2519 natura
401 2455 487 2531 facit,
504 2473 537 2518 ut
559 2456 655 2538 potius
678 2477 712 2516 ex
735 2457 834 2518 eodem
857 2454 954 2531 fonte,
972 2456 1047 2517 unde
1068 2455 1157 2517 etiam
1172 2456 1238 2519 Ho-

274 2550 369 2599 merus
387 2581 397 2611 ,
418 2555 508 2620 quam
529 2535 566 2598 ab
586 2535 648 2598 ullo
668 2538 771 2598 Graeco
791 2535 951 2610 exhausisse,
961 2535 1097 2598 dicendus
1118 2534 1170 2597 stt.
1191 2537 1236 2598 Ac

312 2617 351 2678 od
376 2616 414 2677 ad
436 2616 632 2697 tempestatem
654 2616 790 2691 attinet,
812 2615 884 2676 mihi
904 2616 997 2677 noster
1018 2615 1050 2676 in
1072 2636 1106 2677 ea
1125 2636 1144 2677 ο
1165 2617 1237 2678 timo

322 2695 487 2778 fingenda,
506 2695 540 2756 ⁸&
562 2694 759 2772 describenda,
776 2716 835 2757 non
859 2694 952 2759 solum
973 2695 1049 2756 nihil
1069 2694 1106 2757 ab
1157 2716 1236 2757 otne⁴

274 2790 306 2836 ro
334 2775 509 2856 sumpsisse,
539 2774 584 2836 sed
605 2795 671 2837 eum
699 2776 788 2836 etiam
819 2775 907 2856 longe
936 2774 1072 2856 superasse
1102 2775 1236 2838 videtur.

275 2854 351 2930 Quid
373 2856 481 2930 enim,
502 2855 620 2938 quaeso,
642 2855 751 2916 horridi
772 2853 858 2918 habet
878 2855 1014 2935 Ulysses‚
1035 2875 1103 2917 cum
1123 2856 1236 2920 naufra-

276 2948 327 3013 gus
355 2934 393 2995 ad
417 2933 487 2997 litus
509 2949 612 2996 natans
641 2934 778 3004 ejicitur?
810 2938 891 2996 Nam
912 2950 1013 2995 catera
1032 2935 1098 2996 sunt
1118 2979 1128 3009 ,
1149 2952 1183 2998 ut
1204 2937 1237 2996 in

274 3013 474 3095 tempestate,
494 3012 700 3094 placidissima.
721 3017 764 3075 At
784 3018 877 3077 noller
897 3014 928 3074 in
949 3012 1035 3098 ipsrus
1056 3014 1145 3074 etiam
1164 3030 1237 3074 tem·

272 3092 388 3180 pessatis
418 3112 456 3175 ap
476 3110 558 3155 aratu
578 3094 688 3174 legenti
708 3107 846 3154 terrorem
868 3093 974 3154 incutit
994 3110 1003 3151 t
1034 3092 1066 3152 in
1087 3113 1117 3153 re
1135 3108 1236 3155 autem

272 3172 330 3251 ipsa
353 3170 436 3263 [Dii
455 3114 553 3258 boni]
574 3172 646 3257 quid
668 3172 831 3237 horridius?
851 3172 922 3252 quid
942 3170 1130 3234 miserabilius
1146 3171 1234 3235 abeo

272 3267 400 3314 carmine

349 3297 441 3394 Talia
467 3331 585 3413 patiami
598 3331 717 3410 stridens
736 3333 875 3413 Aquilone
890 3331 1036 3412 procella,

273 3408 358 3500 usque
379 3429 440 3487 eo,
469 3432 537 3473 cum
557 3415 713 3492 Neptunus
743 3432 822 3473 mare
845 3428 941 3474 totum
963 3412 1034 3474 cieri
1054 3412 1160 3487 sensit,
1180 3428 1232 3473 aut

273 3487 377 3566 scribi,
400 3506 452 3552 aut
473 3491 545 3572 fingi
566 3490 677 3573 potest?
699 3490 764 3552 Nisr
784 3491 831 3552 isti
851 3509 984 3554 naturam
1006 3492 1124 3573 ipsam,
1151 3490 1231 3573 quafi

274 3568 471 3632 Alexandrum
493 3571 682 3646 imitantem,
705 3570 755 3631 sibi
776 3569 942 3652 effingam,
964 3572 1016 3653 qui
1040 3572 1084 3632 uti
1100 3570 1132 3631 se
1151 3590 1169 3629 a
1189 3570 1233 3630 so·

275 3644 301 3707 lo
323 3650 451 3729 Apelle,
476 3650 512 3711 fic
533 3651 592 3712 hec
612 3650 648 3710 ab
668 3651 798 3712 Homero
819 3666 952 3725 tantum,
968 3651 1037 3731 quic
1059 3648 1108 3710 uid
1123 3647 1232 3707 mirum

276 3725 416 3803 ediderit,
437 3728 555 3809 depingi
568 3730 720 3819 patiatur.
749 3730 815 3791 Hoc
838 3730 908 3793 item
930 3728 1017 3791 modo
1037 3670 1074 3789 de
1092 3726 1234 3788 Cicerone

275 3803 310 3866 est
329 3806 502 3889 dicendum,
524 3828 594 3893 qur,
614 3809 694 3894 quod
713 3831 732 3875 a
753 3810 861 3876 Grecis
883 3809 1018 3892 sumpfit,
1039 3825 1100 3871 non
1119 3823 1195 3950 serpo
1201 3804 1235 3868 id
