3034 4559
1344 287 1350 450 l

397 439 458 516 178
622 436 875 508 BARTHOL.
903 438 1071 498 RlCCll

356 540 459 584 verum
480 518 511 579 in
534 518 544 579 i
567 517 595 580 so
616 516 780 593 confliciu,
809 516 840 577 in
869 536 928 597 quo
949 517 987 577 rei
1010 516 1125 578 summa
1142 517 1184 579 esi
1205 517 1305 597 ponta,

258 597 260 604 ’
356 619 445 681 atque
467 620 527 679 una⁴
545 539 661 661 loctuna
682 597 868 669 dominatur,
888 594 1035 657 difficilem
1058 596 1145 659 habet
1159 597 1306 668 judicatio·

355 701 440 742 nem.
462 678 511 741 lta
525 678 578 759 qui
594 678 693 758 aliqua
708 679 800 740 animi
821 674 1035 757 perturbatione
1050 674 1145 737 afferri
1163 676 1237 752 siut,
1256 697 1308 759 qua

356 778 473 822 tantum
493 758 586 832 abest,
609 773 644 818 ut
662 758 738 838 quid·
749 760 780 819 in
800 778 833 818 ea
853 777 901 831 re,
939 776 1006 818 uam
1024 770 1133 834 agunt,
1155 773 1308 817 venturum

357 840 417 915 srt,
447 855 479 899 ur
499 840 615 909 etiam,
645 856 709 918 quae
729 837 833 900 adsunt
854 776 1028 917 praednna,
1048 856 1108 897 non
1131 835 1311 907 discernente

354 918 432 982 nihil
454 918 531 977 enirn
553 916 591 977 ab
611 918 780 997 ignorantia.
797 915 890 977 animi
909 914 1087 995 perturbatio
1107 914 1214 978 dislare
1235 920 1310 978 vide·

355 1015 428 1058 tur.
456 1000 553 1070 Quare
582 998 671 1057 etiarn
693 998 726 1058 in
745 997 863 1078 propria
881 995 973 1056 caussa
992 994 1107 1056 nullum
1128 994 1247 1058 fidelem
1269 996 1311 1068 Ju-

354 1077 449 1136 dicem
470 1076 522 1137 esse
542 1075 618 1157 posse
640 1077 732 1157 vulgo
750 1074 919 1156 usurpatur.
938 1074 1042 1154 ltaque
1059 1091 1194 1154 parentes
1209 1075 1242 1136 in
1260 1076 1311 1136 suit

352 1154 476 1231 liberis,
497 1173 641 1218 amatores
662 1155 694 1217 in
716 1154 772 1217 suis
795 1156 894 1217 amicis
915 1154 1089 1229 laudandis,
1116 1175 1151 1215 ea
1173 1156 1265 1217 etiarn
1286 1155 1312 1215 in

353 1235 415 1298 illis
437 1236 585 1296 interdum
604 1235 777 1311 extollunt,
795 1256 859 1317 quae
880 1235 997 1315 propius
1019 1235 1054 1295 ad
1075 1232 1311 1309 deformitatem,

354 1334 444 1395 quam
466 1314 504 1375 ad
524 1314 747 1396 pulchritudinis·
770 1315 890 1396 speciem
911 1314 1075 1384 accedunt}
1106 1330 1140 1375 ur
1163 1314 1242 1389 ille,
1263 1314 1312 1395 qui

351 1413 471 1456 naerurrr
491 1414 584 1475 puero·
609 1394 660 1456 suo
688 1395 865 1457 venustatem
895 1414 954 1455 non
976 1413 1095 1475 parvam
1115 1392 1223 1455 addere
1242 1393 1313 1455 dice·

353 1473 430 1537 bat.
459 1474 572 1536 Contra
602 1494 672 1535 vero
702 1478 755 1556 qui
797 1495 863 1535 uem
885 1473 953 1535 odio
975 1473 1132 1546 habuerit,
1161 1492 1312 1614 nunpuam

351 1574 418 1618 cum
442 1576 493 1628 eo,
513 1571 565 1616 aut
587 1575 654 1615 cum
675 1555 737 1625 ejus
758 1576 787 1615 re
807 1575 843 1616 us
862 1554 931 1615 sano
950 1574 1035 1634 agere
1056 1554 1168 1632 poterit
1186 1553 1223 1625 Ju
1246 1555 1312 1615 icio.

354 1632 403 1694 Ita
423 1634 453 1725 ip
474 1634 643 1707 iracundia,
663 1654 727 1714 quar
749 1635 847 1713 suapte
863 1650 967 1695 natura
985 1634 1103 1694 consilio
1119 1634 1245 1693 inimica
1258 1633 1312 1701 eru

348 1711 394 1773 ita
414 1711 445 1772 in
467 1712 535 1792 spe;
555 1714 598 1773 ita·
619 1714 651 1773 in
673 1731 773 1776 metu.
791 1714 852 1788 Qui
874 1712 1044 1774 enimavide
1064 1712 1167 1793 cupit,
1186 1713 1263 1774 nihil
1278 1710 1311 1774 ad

350 1790 382 1852 id
403 1791 607 1871 assequendum
629 1792 761 1863 ridebir3
776 1794 832 1873 qui
851 1793 973 1866 meruit,
994 1809 1092 1861 totum
1111 1792 1144 1852 iu
1165 1790 1240 1871 suga
1255 1792 1313 1853 ani·

311 1935 314 1940 ,
350 1890 437 1931 mum
459 1868 574 1931 habebit
594 1890 793 1949 occupatum,
820 1873 878 1933 Res
900 1872 1008 1952 igitur,
1031 1872 1065 1932 de
1108 1892 1146 1933 ua
1166 1871 1310 1943 Iudicium

351 1949 391 2010 est
414 1946 572 2022 futurum,
601 1949 663 2020 ejus
681 1951 796 2030 generis
816 1968 848 2011 ut
871 1952 930 2025 srt,
953 1952 1092 2012 necersee
1125 1971 1224 2033 ,quee
1246 1971 1310 2013 cum

349 2028 507 2107 cognosci,
526 2045 587 2089 tum
609 2030 701 2090 etiam
723 2029 776 2092 usu
794 2035 915 2092 exerceri
935 2030 1037 2120 possim
1059 2032 1086 2092 ir
1104 2050 1189 2105 vero,
1206 2032 1263 2113 qui
1282 2049 1310 2092 u·

348 2124 475 2188 trunque
503 2106 591 2169 saciat
620 2108 657 2169 ad
676 2105 843 2184 Iudicium,
862 2129 945 2172 omne
972 2111 1064 2171 animi
1093 2109 1310 2190 perturbatione

348 2207 457 2249 vacuus
478 2188 531 2248 esse
552 2188 688 2251 debebit.
716 2190 787 2251 Haec
815 2204 912 2252 autem
935 2210 1030 2251 retum
1050 2190 1208 2269 cognitio,
1225 2207 1311 2281 atque
1334 2201 1347 2248 r

334 2265 557 2329 -animadverfio
578 2266 593 2347 [
614 2289 649 2330 ne
671 2269 730 2330 huc*
749 2290 803 2351 ego
824 2290 950 2343 omnes,
980 2269 1309 2349 quas'circurnflantras

346 2346 449 2409 dicunt
464 2391 477 2422 ‚,
500 2368 635 2409 revocem
659 2348 671 2429 ]
701 2350 730 2409 in
752 2350 798 2411 his
820 2349 910 2411 tribus
933 2349 1061 2409 maxime
1080 2348 1311 2426 seruabitur,si

345 2426 435 2498 loci,
462 2427 483 2486 sr
503 2429 671 2507 temporit,
697 2429 721 2489 sr
747 2428 875 2508 persona
901 2428 1027 2506 diligens
1047 2429 1126 2488 ratio
1144 2429 1181 2488 irr
1199 2429 1310 2510 agendo

347 2504 559 2580 adhibebitur,
586 2528 604 2567 a
624 2528 682 2586 qua
704 2507 851 2585 tripartita
871 2505 1067 2569 considerandi
1087 2509 1204 2569 ratione
1225 2509 1313 2570 Cliti·

346 2585 408 2665 pho
431 2584 591 2645 adolescens
612 2587 806 2648 Terentianus
828 2608 886 2647 non
908 2585 1059 2660 discedit,
1083 2605 1152 2647 cum
1176 2605 1311 2662 vetetur,

341 2683 405 2736 ne,
438 2664 464 2723 se
486 2664 625 2737 absente,
654 2666 748 2723 amica
770 2665 819 2725 sua
841 2683 976 2745 corrupta
997 2666 1058 2739 stt,
1085 2683 1177 2746 atque
1198 2668 1261 2729 alio
1281 2688 1309 2729 o

343 2762 443 2804 mnetn
464 2762 592 2801 amorem
614 2742 697 2802 suum
720 2743 912 2806 transtulerim
931 2745 1005 2815 Ejus
1023 2761 1126 2807 aurem<
1146 2746 1242 2809 verba
1264 2746 1310 2827 [st

267 2871 269 2874 .
344 2819 420 2881 recle
442 2820 602 2900 recordor]
620 2821 679 2881 haec
700 2820 785 2882 sunt.

421 2900 479 2958 Sed
499 2922 608 2973 vereor,
628 2922 678 2973 ne,
700 2923 742 2958 me
760 2898 886 2978 absente,
905 2903 1003 2963 mulier
1022 2902 1067 2963 hic
1085 2920 1217 2985 corrupta
1230 2904 1286 2988 fit.

423 2984 595 3040 Concurrunt
614 2980 710 3040 multe
727 2981 892 3061 opiniones,
909 3006 969 3063 qun
986 2982 1057 3043 mihi
1075 2985 1206 3043 animum
1225 3007 1308 3046 extre

481 3079 560 3119 esim.
1151 3107 1154 3112 .

349 3193 354 3201 .
422 3082 651 3215 Loius‚0ccasso,
666 3140 1187 3222 etas,maeter,euiursubinrperioess,
1209 3144 1306 3205 nula«

422 3219 482 3279 sui
498 3219 571 3278 nihil
591 3223 671 3296 jam,
687 3238 782 3299 preter
801 3224 937 3300 pretium,
955 3222 1035 3282 dulce
1054 3220 1112 3297 estu
1212 3285 1216 3292 ¹

342 3298 461 3373 Quibus
482 3298 643 3360 rationibus
662 3299 737 3361 recle
758 3299 920 3363 adolescens
936 3301 983 3361 ita
1001 3301 1036 3361 de
1056 3301 1156 3361 amica
1169 3300 1302 3385 suspicati

342 3393 475 3457 poterat.
493 3378 626 3452 Quintus·
643 3400 712 3441 vero
729 3379 816 3441 frater
837 3401 903 3442 cum
924 3380 987 3459 agit
1002 3399 1072 3439 curn
1089 3379 1241 3444 Cicerone
1254 3381 1303 3443 sm

338 3478 383 3520 rre
403 3457 438 3516 de
458 3457 521 3525 ejus
537 3456 712 3519 Consulatus
734 3460 901 3538 petitione,
930 3459 1008 3520 hanc
1032 3477 1152 3541 quoque
1174 3458 1304 3524 animad-

340 3537 501 3599 versionem
520 3536 624 3605 majori
645 3554 683 3598 erc.
700 3538 938 3627 parteservavlr.
960 3539 1094 3599 Primum
1110 3542 1194 3600 err-im
1216 3558 1251 3603 ut
1272 3542 1302 3602 in

338 3638 397 3701 qua
417 3615 640 3686 Civitateesset3
661 3616 763 3679 demde
784 3617 854 3698 quid
875 3631 1001 3697 peteret;
1023 3620 1168 3697 postremo
1189 3620 1301 3702 quiris

337 3699 421 3772 esser,
443 3697 585 3758 ucetiam
606 3712 698 3776 atque
715 3698 805 3757 etiam
826 3696 977 3775 diligenter
997 3697 1187 3761 consideraret
1203 3744 1219 3775 ,.
1234 3716 1301 3760 eum

340 3780 496 3839 admonet.
514 3775 568 3840 Sed
590 3796 644 3839 nos
666 3774 702 3836 de
722 3775 858 3856 singulis,
882 3790 915 3836 ut
935 3774 975 3835 est
990 3776 1192 3857 propositum,
1210 3777 1306 3858 expli·-

1110 3877 1114 3890 *
1210 3878 1263 3919 ca-
