3034 4559
368 520 417 526 Η
584 450 993 530 Μ’]ΙῙΒῙΟΙΟ.
1161 453 1233 534 487

243 598 246 604 ,
307 531 430 594 minime
450 528 527 591 milti
547 547 625 624 trouu
645 531 789 593 accidere.
812 533 892 593 Nam
908 552 982 594 cum
1000 534 1056 622 ego
1077 553 1156 673 Ἕως
1182 616 1187 626 ·
1210 538 1270 601 lto:

243 647 244 652 κ
306 612 406 673 eodem
428 630 542 700 mecum
563 611 662 693 smptus
681 612 907 692 pervolverem,
929 629 1068 694 atquem
1111 635 1164 674 auc
1179 618 1270 697 ipsam

243 723 245 766 l
306 690 383 752 Delii
408 690 591 752 sententiam
603 691 727 752 traherer
746 735 756 775 ,
786 710 853 751 cum
873 709 975 752 contra
990 692 1091 782 polles
1110 696 1220 758 multos
1237 719 1271 761 ei<

305 768 494 832 ruditillimos
517 769 606 832 Viros
628 772 710 832 nullo
732 770 844 851 prorsus
864 769 919 831 elle
937 771 1052 841 iudicio
1072 799 1081 848 3
1101 792 1202 837 contra
1220 796 1268 839 re·

302 869 362 925 to,
392 850 446 931 qui
469 866 571 930 parurn
594 850 751 913 admodum
772 850 900 925 scirent,
932 851 962 912 δι
984 867 1067 913 acute
1087 854 1210 931 videre,
1236 857 1267 924 lle

299 928 460 1071 prudenter
478 928 604 1000 iudicare
625 931 751 992 viderem
774 949 832 991 non
853 950 947 1005 rato,
978 931 1150 995 sententiam
1171 954 1268 998 muta·

318 1009 370 1070 am'
385 1054 395 1084 ,
424 1027 443 1069 n
484 1029 519 1070 ue
540 1028 654 1071 mecum
677 1009 845 1072 ‹constcbsm
871 1030 880 1081 ;
907 1027 940 1071 ac
961 1012 1012 1071 nisi
1033 1013 1118 1075 hodie
1140 1033 1187 1075 me
1209 1016 1266 1079 hoc

299 1088 392 1150 dubio
419 1089 590 1169 expirem,
619 1091 676 1151 nus
694 1109 762 1151 uam
793 1089 864 1151 alies
893 1090 1002 1169 sperem
1031 1094 1264 1174 explicaturum.

297 1171 398 1243 Quare
419 1166 546 1249 quidde
567 1170 621 1230 hac
641 1110 701 1251 ipla
718 1190 747 1230 re
769 1170 930 1231 Flaminius
953 1170 1055 1246 dicat,
1075 1174 1161 1234 avide
1181 1195 1265 1253 expe·

297 1246 362 1310 sio.
383 1243 465 1307 Tum
487 1248 669 1309 Flaminius.
691 1248 779 1311 Resle
797 1269 863 1310 mec
883 1267 1000 1332 quoque
1022 1249 1181 1327 sententia,
1198 1253 1264 1317 Mn-

297 1327 372 1409 gioli
389 1371 399 1403 ,
419 1326 522 1389 Delius
543 1327 637 1389 noller
657 1328 792 1403 erudite,
821 1323 882 1410 [ut
904 1344 936 1389 tu
956 1328 1081 1411 dixisti]
1109 1349 1196 1421 atque
1216 1355 1263 1396 ac·

297 1422 398 1469 curate
418 1406 453 1467 de
472 1406 586 1479 Iudicio
608 1407 767 1487 disputavit
791 1429 799 1478 3
820 1428 906 1480 cum,
928 1406 999 1470 illud
1020 1430 1055 1470 ex
1075 1413 1262 1492 cognitione,

296 1501 387 1567 atquc
407 1485 461 1549 usu
481 1507 576 1548 retum
598 1488 701 1562 nasci,
730 1486 916 1567 comprobare
938 1505 1087 1549 conaretur
1106 1511 1115 1559 ς
1142 1510 1199 1569 ego
1220 1508 1261 1554 ts·

297 1574 367 1627 men
399 1565 493 1628 abeo
515 1567 644 1628 multum
665 1565 828 1641 dissentio,
858 1585 947 1647 quam
970 1586 1065 1628 meam
1089 1566 1260 1635 sententiam

296 1642 359 1726 [ut
381 1644 466 1708 vobis
488 1645 810 1728 initiopromiseram]
832 1662 864 1706 ut
886 1667 962 1707 nunc
982 1648 1109 1727 aperiam
1128 1693 1137 1724 ,
1159 1649 1260 1716 isdem·

292 1745 350 1808 que
372 1745 468 1787 meam
490 1725 624 1800 liberem,
647 1744 762 1806 tempus
783 1724 923 1806 postulare
944 1725 1074 1788 videtur.
1096 1730 1258 1803 Quare,ne

293 1804 404 1881 vobis,
426 1826 459 1867 ac
481 1806 554 1866 mihi
576 1805 627 1886 ipss
647 1807 752 1882 desum,
774 1805 804 1867 id
825 1806 928 1887 exequi
950 1808 1095 1868 exordiar.
1121 1810 1181 1870 Vix
1198 1811 1258 1874 hec

294 1884 403 1946 ultima
425 1887 585 1975 protulerat
607 1886 794 1961 Flaminius,
817 1886 929 1968 reliqua
949 1886 1167 1966 persecuturus,
1187 1908 1257 1956 cum

292 1981 354 2027 ecce
377 1962 433 2026 tibi
464 1966 607 2027 Romulus
631 1966 804 2039 Amaseius,
833 1985 865 2028 ac
888 1966 1013 2027 Lazarus
1043 1968 1255 2048 Bonamicius,

292 2044 344 2125 qui
363 2044 496 2106 Suulium
526 2046 556 2105 in
580 2045 634 2106 hoc
656 2046 715 2113 ejus
740 2044 861 2122 ¹discessu
880 2046 976 2107 visum
999 2048 1192 2121 accesserant,
1223 2051 1255 2113 in

291 2123 454 2187 triclinium
474 2124 691 2206 ingrediuntur.
719 2121 834 2200 Quibus
854 2142 955 2186 omnes
975 2126 1117 2186 continuo
1138 2128 1255 2210 assurgi·

290 2220 355 2265 mus
372 2247 382 2279 ,
403 2202 506 2285 eosque
527 2205 595 2266 laeto
614 2205 725 2276 vultu,
747 2203 905 2264 laetioribus
926 2203 1014 2263 etiam
1037 2205 1130 2265 verbis
1150 2209 1254 2285 accipi.

288 2301 370 2345 mus.
392 2285 461 2359 Quo
482 2283 630 2364 perseslo,
659 2284 766 2343 iterum
787 2299 894 2342 omnes.
907 2281 1101 2344 consedimus.
1134 2286 1177 2345 Ac
1199 2285 1255 2349 lla·

288 2363 370 2439 tim,
400 2379 434 2425 ut
456 2362 515 2438 fit,
544 2365 595 2445 qui
616 2361 702 2424 nostri
724 2362 867 2421 sermones
887 2361 998 2434 essent,
1028 2380 1252 2444 percontanturr

286 2442 369 2515 Tum
393 2443 580 2525 Magiolius:
609 2442 751 2514 Amasei,
782 2458 873 2522 tuque
895 2439 1070 2516 Bonamicl,
1091 2460 1258 2581 opportuno

283 2519 450 2583 accellillis.
478 2520 581 2599 Quid?
609 2539 672 2583 tum
695 2520 872 2593 Amaseius,
901 2521 1013 2601 inquit.
1046 2521 1138 2583 Pauo
1155 2539 1224 2584 ante
1239 2533 1264 2598 ς’·

283 2596 446 2741 pstquitut
467 2598 656 2684 Magiolius]
677 2621 767 2685 quam
787 2619 839 2662 vos
856 2598 1056 2675 adveniretis,
1079 2599 1182 2663 Delius
1198 2623 1250 2664 no.

307 2701 339 2743 er
360 2680 531 2753 deluditio
544 2681 682 2763 ptaeclate
702 2680 889 2762 disputavit,
909 2680 989 2749 cuius
1011 2680 1150 2743 sententis
1172 2680 1248 2760 suit,

286 2776 321 2822 nt
343 2758 374 2822 id
396 2781 431 2822 ex
453 2780 549 2824 retum
569 2762 762 2842 cognitione,
784 2777 871 2837 arnne
892 2760 943 2821 usu
964 2761 1124 2825 nasceretur
1142 2784 1150 2832 3
1172 2783 1251 2827 nunc

283 2857 355 2901 vero
385 2840 572 2917 Flaminius,
622 2843 652 2903 ui
676 2841 769 2903 abeo
796 2840 939 2904 dissentire
961 2841 1101 2916 videtur,
1133 2843 1250 2926 inquo

282 2918 314 2980 id
336 2918 466 2997 faceret,
489 2936 550 2983 emt
570 2862 767 3002 dilputatutus
785 2941 794 2990 3
815 2937 904 3000 atque
923 2939 991 2981 cum
1011 2939 1064 2982 vos
1081 2922 1251 2999 acceffittis,

281 2998 314 3060 id
333 2996 428 3060 facere
448 3002 505 3062 inci
529 3000 620 3063 lebat.
650 2999 731 3061 Tum
762 2997 946 3060 Bonamicius
963 3018 971 3057 e
990 3013 1169 3079 opportune,
1186 3004 1246 3064 llo·

280 3078 389 3152 mule,
416 3100 464 3141 acc
503 3099 605 3141 imus.
641 3080 721 3139 Nam
744 3092 812 3139 cum
834 3078 919 3138 Delio
945 3096 1001 3157 ego
1027 3098 1061 3138 ex
1092 3079 1245 3141 Aristotele

278 3157 358 3218 idem
381 3158 500 3237 sentio,
528 3160 631 3242 quiin
653 3160 748 3239 ptimo
772 3157 946 3217 Ethicorum
972 3151 1057 3298 lum
1078 3154 1190 3241 fallor]
1213 3160 1244 3222 id

279 3237 425 3315 tellatur,
448 3240 576 3322 mireque
595 3238 738 3318 expello,
779 3236 830 3296 uid
850 3250 953 3296 contra
1000 3236 1136 3297 laminius
1153 3237 1186 3299 sut
1201 3240 1252 3308 alu

278 3315 408 3379 laturus.
429 3320 511 3380 Tum
532 3316 697 3386 Amasejus.
719 3318 764 3377 Re
829 3314 966 3395 quidem,
982 3315 1151 3391 Bonamiti,
1166 3317 1241 3381 hanc

276 3396 384 3459 horam
413 3397 517 3462 melius
549 3417 655 3480 ponere
683 3393 823 3476 [etiamsr
852 3393 937 3476 optio
965 3395 1034 3456 dcta
1060 3395 1152 3478 esset]
1182 3419 1248 3461 non·

276 3494 472 3558 poteramus,
495 3478 546 3563 qui
568 3475 682 3547 hujusce
705 3475 792 3537 nostri
812 3474 889 3535 ronti
910 3472 1017 3549 officii,
1034 3493 1148 3538 tantam
1166 3498 1241 3540 mer·

273 3555 377 3618 cedem
399 3558 486 3620 simus
508 3558 652 3619 ablaturi.
671 3558 751 3617 Nam
772 3574 859 3635 quern
881 3552 980 3616 Delius
1004 3554 1155 3638 sequatur,
1176 3576 1241 3636 pro-

275 3635 311 3698 be
333 3638 470 3699 novimus
493 3658 503 3706 ;
530 3635 608 3718 quod
631 3656 700 3698 veto
721 3650 823 3696 contra
843 3631 1007 3695 flaminius
1027 3634 1182 3708 attulerit,
1210 3634 1239 3695 id

274 3716 403 3798 amplius
425 3714 601 3779 aurseremus.
622 3718 705 3777 Tum
726 3713 908 3774 Flaminius.
927 3714 1008 3774 Mihi
1028 3732 1100 3774 uero
1119 3713 1239 3792 gravius

252 3804 347 3860 'onus
370 3796 537 3878 impositum
558 3796 615 3873 est,
634 3794 730 3879 quod,
750 3792 861 3872 duobus
884 3792 996 3860 Rosciis
1018 3790 1239 3931 spedautifibnps,
