3034 4559
332 447 376 530 48
490 449 570 514 DE
609 443 1042 509 IMITATIONB

295 531 383 606 cerir,
404 543 437 591 ut
457 529 554 592 nullus
575 529 720 605 accessus,
741 527 824 589 nulla
843 526 879 590 ad
898 548 965 590 eum
985 518 1178 589 accedendum
1202 537 1248 607 pai

294 624 356 671 teat
377 611 443 685 via,
465 631 484 670 n
523 629 557 671 ue
577 609 612 669 ad
632 628 698 670 euru
719 608 779 679 jure
801 627 884 689 aequo
904 606 1090 688 repetendum
1111 606 1189 668 atrio
1206 607 1248 668 ul·

293 688 323 749 la
343 688 427 750 nobis
447 689 498 751 reli
528 710 545 749 a
565 687 619 762 fir,
639 708 683 749 res
699 708 733 749 ea
752 687 870 768 quidem
892 687 987 768 primo
1008 685 1121 767 aspeslu
1139 685 1248 760 duram,

292 785 382 852 atque
404 767 551 830 difficilem
573 767 718 829 videbitur
740 765 845 829 habere
866 767 1095 837 tradationema
1123 765 1169 826 secl
1193 785 1248 842 non

292 848 353 920 ejus
375 864 474 909 tamen
496 848 550 909 erit
570 848 708 929 negotii,
738 864 771 910 ut
788 867 871 928 ego,
901 846 931 907 ἃ
956 846 1058 927 posteri
1079 851 1197 907 mecum
1219 863 1248 906 ο-

294 947 376 989 mnes
398 927 556 1009 quicquam
578 927 797 1001 deterreamur,
818 926 975 1009 quominus
995 926 1031 986 de
1047 944 1105 999 ea,
1157 924 1248 987 uotiet

292 1006 359 1067 usus
380 1006 505 1081 veniat,
532 1006 580 1068 vel
601 1006 830 1069 commodiffime
865 1006 953 1069 verba
973 1003 1064 1066 facere
1084 1023 1123 1085 po
1147 1023 1248 1066 nnus.

284 1089 335 1148 At
355 1086 375 1146 fi
394 1085 500 1147 Cicero
521 1086 629 1149 Virum
652 1086 757 1149 fortem
775 1086 918 1160 laudarit,
937 1106 971 1147 ac
992 1103 1092 1145 ornnes
1114 1085 1176 1153 ejus
1192 1084 1248 1145 lau·

289 1165 340 1226 des
361 1164 424 1245 [ur
444 1181 545 1228 catera
565 1166 694 1249 omnia]
715 1165 746 1227 &
771 1164 947 1228 inveniendo
967 1179 1095 1245 argute,
1120 1164 1151 1225 dt
1172 1162 1248 1227 inlli-

281 1245 399 1307 ·'tu'endo
419 1245 579 1336 c'omposrte
592 1253 606 1323 ,'
631 1247 663 1309 δ’(
683 1246 805 1307 dicendo
825 1244 966 1307 luminose
989 1244 1178 1325 expresserit,
1208 1257 1248 1318 at·

290 1339 347 1410 que
369 1324 535 1402 illustrant,
557 1326 753 1401 sracciderit‚
775 1342 808 1387 ut
825 1326 878 1386 tibi
900 1324 978 1385 idenr
998 1322 1164 1385 faciendum
1186 1322 1248 1404 stt„

284 1419 349 1466 'non
369 1406 508 1467 continuo
529 1404 675 1468 haerebis?
704 1405 856 1487 nunquid
880 1405 957 1484 prius
979 1447 988 1477 ,
1014 1402 1086 1484 quid
1108 1402 1248 1493 pollecius

282 1483 378 1560 dicas,
402 1501 454 1546 aut
468 1486 617 1566 quomodo
637 1485 667 1546 id
687 1486 784 1560 dicas,
808 1481 975 1545 dubitabis?
998 1501 1057 1542 non
1075 1498 1188 1556 ettam,
1204 1496 1247 1543 at·

285 1583 344 1647 que
365 1564 454 1625 etiam
476 1564 633 1641 vereberis,
654 1586 692 1625 ne
708 1565 744 1625 ad
766 1583 851 1637 eum,
872 1579 1012 1644 tanquam
1033 1561 1069 1622 ad
1090 1561 1244 1642 scopulum

288 1643 431 1724 aliquem,
455 1643 614 1705 dislionem
638 1659 721 1704 tuam
743 1640 858 1704 illidasl
879 1643 953 1703 Rem
975 1640 1135 1723 equidem,
1157 1641 1179 1701 sr
1199 1659 1248 1703 ne·

309 1721 373 1796 e'm,
394 1722 538 1784 summam
558 1722 759 1784 difficultatem
781 1719 901 1795 habere,
922 1742 956 1782 ac
972 1720 1189 1801 inperangullo
1202 1720 1248 1784 vi·

285 1741 346 1861 ieri
368 1800 473 1863 versari
494 1802 575 1877 loco,
595 1801 762 1883 imprudens
784 1799 854 1875 lim,
875 1800 926 1860 nisi
949 1801 1037 1862 etiam
1060 1799 1248 1880 impudens.

280 1877 423 1940 ¹Multum¹
440 1881 479 1943 esl
501 1881 598 1958 enirn,
618 1897 707 1964 atque
726 1880 798 1942 adeo
819 1879 1002 1961 plurimum,
1028 1880 1048 1939 sr
1069 1880 1136 1961 quis
1159 1878 1247 1941 intel

286 1959 380 2040 ligens
401 1956 575 2035 siusiuum,
604 1962 683 2041 prius
705 1960 735 2021 in
758 1959 922 2041 pomarium
951 1959 1075 2034 veniat,
1104 1979 1139 2020 ac
1161 1959 1190 2020 ei
1212 1957 1248 2018 li-

285 2036 353 2098 bera
373 2035 494 2100 facultas
513 2039 582 2101 data
604 2040 664 2116 fit,
694 2056 729 2101 ut
752 2040 818 2101 inde
839 2037 1066 2120 unumquodque
1084 2082 1094 2113 ‚
1113 2035 1246 2178 ¹quodei

284 2115 469 2180 bellissimum
489 2119 651 2196 videatur,
680 2119 716 2183 ad
741 2118 871 2180 mensam
892 2118 972 2179 suam
1000 2119 1112 2179 colione
1139 2116 1245 2179 andam

283 2194 411 2277 deligat,
434 2214 524 2279 atque
545 2198 627 2262 decer
647 2216 694 2262 at.
714 2199 767 2261 Sed
789 2218 856 2260 cum
878 2217 922 2258 res
944 2212 1041 2258 tamen
1062 2197 1246 2260 restiuscon»

282 2274 445 2355 fideratur,
475 2278 596 2341 minime
619 2220 647 2340 ii
668 2277 757 2341 talem
778 2278 898 2339 interius
918 2276 1046 2355 probat,
1074 2276 1174 2358 qualis
1195 2295 1244 2338 ex-

281 2355 421 2419 trinsecus
441 2375 558 2437 apparet
578 2360 724 2421 omnino.
754 2357 904 2440 Siquidem
926 2371 1008 2416 tanta
1029 2354 1076 2416 vis
1099 2355 1240 2430 honesti,

281 2448 423 2519 tantaque
443 2457 539 2498 rerum
561 2440 695 2500 omnium
716 2439 802 2517 copia
822 2436 886 2510 ell,
915 2450 975 2495 tam
998 2434 1155 2515 multiplex
1175 2455 1244 2497 cou-

280 2513 416 2576 stituendi
437 2516 530 2591 ratio,
553 2533 614 2577 tam
636 2515 791 2599 eloquendi
810 2514 908 2587 varia,
929 2530 1015 2595 atque
1036 2514 1139 2589 ampla
1154 2510 1243 2576 facul·

282 2607 346 2667 tas,
367 2611 401 2655 ur
416 2594 525 2673 semper
545 2594 673 2678 aliquid,
694 2611 782 2676 atque
803 2594 874 2654 adeo
896 2594 1024 2654 multum
1045 2594 1243 2677 relinquatur,

279 2688 340 2751 quo
370 2673 484 2733 summa
510 2692 578 2734 cum
598 2673 741 2751 dignitate
770 2688 821 2734 aut
849 2672 1048 2746 inveniendo,
1079 2690 1133 2735 aut
1163 2673 1243 2736 insli-

280 2748 406 2823 tuendo,
430 2765 480 2809 aut
495 2750 617 2811 dicendo
633 2772 685 2830 pro
704 2750 800 2812 nostro
821 2749 960 2812 utilibere
981 2751 1136 2832 possimus.
1158 2755 1240 2815 Nam

277 2829 360 2908 quod
380 2827 416 2890 ad
436 2848 497 2889 rem
528 2829 732 2891 inveniendam
761 2828 910 2909 pertinet,
938 2833 991 2911 qui
1013 2832 1110 2912 quaeso
1139 2849 1240 2894 tama

277 2905 358 2968 'redsa
377 2922 476 2970 mente
497 2907 654 2985 aberrabit,
675 2924 707 2970 ut
722 2927 786 2991 quae
808 2908 943 2990 cujusque
963 2909 1003 2972 rei
1025 2911 1149 2974 dicenda
1165 2912 1238 2987 sint,

277 2987 380 3049 omnia
401 2988 590 3070 excogitare,
618 2989 720 3050 omnia
739 2987 835 3049 videre
857 2987 884 3048 se
903 2988 980 3069 polle
1001 2985 1156 3053 fateatur?
1177 3009 1237 3053 non

275 3068 372 3130 multa
393 3113 402 3143 ,
423 3085 511 3149 atque
532 3068 622 3129 etiam
644 3067 790 3129 interdum
811 3088 871 3129 non
892 3067 1012 3147 pessima
1033 3070 1059 3130 se
1080 3070 1236 3153 suspicetur

275 3145 415 3208 omisisse?
439 3147 585 3231 Equidem
606 3163 762 3229 antequam
779 3147 838 3207 haec
859 3147 1013 3209 hominum
1031 3169 1115 3212 nova
1136 3152 1238 3213 inven-

257 3237 310 3284 'ta
331 3224 484 3301 scirentur,
504 3242 650 3289 tormenta
671 3227 732 3308 [ut
755 3227 797 3288 ita
820 3226 941 3307 dicam]
963 3227 1132 3305 militaria,
1153 3227 1236 3294 navi·

274 3302 366 3440 pandi
386 3322 465 3365 certa
493 3306 545 3366 illa
567 3308 598 3368 in
619 3308 701 3368 omni
730 3306 896 3384 tempestate
927 3308 1060 3369 locorum
1082 3309 1234 3386 scientia,

288 3378 415 3444 ibrorum
435 3383 680 3447 describendorum
701 3405 746 3446 ars
767 3385 926 3459 uberrima,
948 3387 1051 3448 avium
1072 3409 1108 3450 ex
1131 3389 1234 3452 avibus

272 3459 305 3521 bt
326 3476 448 3536 natura,
469 3461 500 3523 &
515 3463 638 3525 artificio
658 3464 784 3525 inimicis
807 3463 905 3543 Regiae
926 3467 1124 3543 venationes,
1148 3467 1234 3532 vitrei

271 3540 352 3622 quasi
374 3541 469 3617 oculi,
491 3558 654 3622 temporum
675 3564 726 3624 per
746 3543 831 3603 horas
853 3561 886 3601 ex
907 3541 1003 3605 sonitu
1025 3548 1234 3612 certiffrmadi·

271 3621 399 3699 mensro,
421 3641 457 3684 ex
473 3622 617 3703 ephippiis
634 3639 727 3684 certus
743 3620 848 3702 pedum
864 3623 1004 3699 appensus
1026 3625 1128 3702 locus,
1151 3629 1235 3707 &ce-

270 3715 334 3762 tera
354 3702 413 3773 ejus
421 3702 534 3785 generis
555 3720 643 3782 prope
664 3699 903 3788 innumerabilia,
924 3706 1165 3769 arecentioribus
1182 3709 1235 3770 ho·

271 3780 400 3847 missibus
427 3802 496 3849 cum
515 3781 553 3850 ad
576 3780 719 3845 summam
741 3780 896 3844 hominum
917 3781 1102 3863 voluptatem
1124 3832 1134 3864 ,
1167 3803 1236 3850 turn

1154 3868 1193 3931 ad
