3034 4559
585 473 970 535 LIBERm.
1152 496 1210 559 107

234 575 243 612 t
291 553 476 620 tonvincere?
499 569 532 616 ut
548 552 620 616 illud
638 575 645 614 ε
666 557 699 615 Si
715 554 795 615 vales
810 553 875 615 bene
888 555 943 631 ejl3
965 578 1012 637 ego
1026 578 1132 637 quoqne
1147 564 1247 621 valeo.

234 683 237 691 .
289 635 357 697 Item
375 635 473 695 illud:
498 653 524 693 te
538 636 621 693 etiam
639 678 648 708 ‚
668 652 751 713 atque
768 636 850 693 etiam
867 636 1034 695 vehementer
1057 659 1141 717 rogo,
1162 659 1245 718 atque

234 731 243 770 ζ
289 737 341 777 oro.
364 715 443 775 Item
454 733 461 773 τ
471 716 569 797 Qgiare
586 712 656 774 mibi
667 715 847 793 gracillimum
859 716 973 792 seceris,
990 716 1060 790 siin
1074 740 1106 775 ea
1120 740 1148 776 re
1162 718 1247 778 homi·

234 811 246 849 z
290 818 342 854 nem
360 795 403 853 ita
419 796 619 867 commodaris,
635 812 667 853 nt
684 794 823 872 intelligat
839 794 909 856 hanc
924 799 1180 858 commendationem
1191 796 1245 870 fibi

234 893 248 928 e
290 875 403 934 maximo
425 873 489 950 nfiii
507 874 616 953 fiiiffe:
646 874 677 934 δι
698 873 792 935 multa
814 876 874 946 ejus
900 877 1011 955 generis
1028 877 1101 937 alie.
1124 878 1246 940 Ridicu-

234 969 248 1027 3'·
290 953 360 1015 lum.
375 953 469 1030 Quasr
487 974 557 1014 vero
576 953 630 1014 hoc
647 976 665 1014 a
681 953 821 1014 Cicerone
838 954 898 1034 ipso
917 975 976 1016 non
992 954 1098 1030 faciat,
1112 959 1164 1038 qui
1182 978 1243 1018 rem

235 1051 249 1085 e
288 1033 403 1094 eandem
422 1033 521 1112 saepius
539 1032 640 1093 iisdem
656 1033 750 1094 verbis
769 1034 900 1115 usurpare
917 1057 976 1096 non
991 1036 1104 1097 dubitat
1121 1080 1130 1110 ,
1150 1058 1186 1098 ne
1207 1057 1244 1098 ue

236 1124 247 1167 r
290 1112 430 1193 Virgilius
448 1112 545 1173 crebro
560 1113 675 1175 versum
692 1113 889 1188 eundem,vel
905 1113 1050 1176 interdum
1072 1115 1163 1189 duos,
1211 1137 1242 1178 o-

234 1187 246 1247 i
287 1206 374 1253 merus
389 1212 464 1254 vero
481 1191 566 1273 longe
584 1193 678 1273 plures
697 1193 771 1254 reste
787 1210 896 1275 repetat
913 1215 922 1265 3
943 1211 976 1256 ut
993 1239 1003 1269 ,
1020 1214 1087 1255 cum
1104 1196 1182 1256 hunc
1198 1216 1244 1256 ac·

234 1292 242 1326 r
287 1273 381 1334 eusetis
400 1316 409 1345 ,
431 1271 621 1353 Virgilium,
645 1268 833 1347 Homerum,
854 1273 1024 1335 Ciceronem
1049 1275 1139 1335 etiam
1162 1295 1243 1336 accu-

234 1350 244 1402 ἓ
288 1350 360 1413 letis.
380 1351 436 1412 Sed
452 1354 592 1432 quoniam
607 1352 645 1412 ad
664 1350 816 1413 sanitatem
833 1354 955 1413 omnino
975 1352 990 1433 [
1006 1352 1026 1412 s1
1047 1352 1105 1412 sieri
1164 1354 1216 1414 test

234 1447 245 1507 t
288 1431 435 1492 revocandi
458 1431 550 1506 estis,
571 1432 684 1511 planius
708 1451 762 1491 vos
788 1434 916 1504 iterum,
939 1432 967 1493 u
994 1430 1093 1510 saepius
1138 1433 1241 1493 ocebo.

234 1527 243 1564 t
287 1509 389 1572 Scitote
405 1509 514 1591 igitur,
538 1511 669 1592 quedam
693 1510 771 1571 sensa
786 1555 795 1584 ,
819 1527 919 1591 praeter
933 1511 985 1570 illa
1000 1513 1108 1585 etiam,
1127 1511 1161 1571 de
1175 1513 1244 1592 qui·

234 1606 241 1645 r
289 1586 332 1650 bus
347 1591 436 1651 initio
461 1590 575 1658 huiusce
592 1592 670 1652 tertii
696 1591 762 1651 libri
780 1592 959 1672 agebamus,
979 1590 1014 1650 fic
1038 1592 1089 1650 elle
1104 1594 1240 1652 omnium

234 1687 241 1724 ε
289 1671 473 1743 communia,
494 1670 588 1752 sicque
612 1671 668 1731 suis
691 1673 776 1731 certis
802 1670 895 1731 verbis
918 1671 1083 1744 attributa,
1105 1688 1138 1732 ut
1159 1670 1239 1732 nulla

235 1767 242 1804 i
288 1748 383 1829 religio
408 1751 544 1829 cuiquam
568 1750 623 1810 elle
645 1749 772 1824 debeat,
794 1752 950 1832 quominus
971 1772 1030 1824 ea,
1051 1750 1239 1832 quemadmo-

234 1843 245 1884 r
286 1826 348 1888 dum
365 1828 432 1890 sunt
448 1830 528 1909 prius
553 1830 589 1890 ab
613 1830 671 1890 alio
685 1830 822 1910 usurpata
838 1876 847 1904 ,
871 1830 975 1911 &ipse
1002 1830 1048 1891 vel
1065 1830 1238 1892 adverbum

234 1924 243 1963 r
288 1906 419 1989 usurpet,
437 1924 525 1992 atque
548 1910 581 1969 in
599 1908 680 1971 usum
705 1909 786 1970 suum
811 1925 964 1972 convertat
985 1932 993 1981 3
1016 1927 1047 1971 ut
1072 1912 1131 1972 lraec
1152 1909 1237 1992 ipsa,

235 2005 241 2042 t
287 2005 341 2068 quae
357 2009 411 2049 vos
428 1987 593 2050 inanissime
607 1989 748 2058 objicitis.
770 1992 844 2065 Quis
866 1992 970 2065 enim,
990 1989 1110 2071 quaeso,
1134 2011 1168 2051 ea
1185 1990 1239 2052 ali-

234 2084 243 2134 ς
287 2080 323 2127 tet
335 2066 462 2149 proferre
486 2070 575 2129 etiam
591 2069 625 2129 de
642 2070 805 2142 industria,
829 2091 918 2152 quam
950 2068 1099 2152 quomodo
1122 2069 1169 2131 hic
1195 2069 1236 2131 fe·

238 2143 242 2154 '
284 2144 333 2222 eit,
349 2145 510 2209 laboraret?
530 2149 583 2209 Sed
600 2147 643 2209 fac
659 2149 820 2229 Longolius
842 2150 1031 2209 commutarit
1046 2148 1171 2229 aliqua,
1193 2163 1237 2210 at·

288 2241 335 2305 que
357 2228 389 2288 id
406 2227 528 2303 statim,
555 2228 632 2310 quod
649 2230 735 2289 tertio
753 2231 783 2287 in
805 2230 869 2289 loco
886 2225 1032 2308 posuistis.
1053 2231 1151 2309 Quare
1166 2226 1237 2286 mihi

281 2308 452 2385 grattffimum
466 2309 558 2382 feceris
574 2328 583 2379 3
604 2307 702 2369 fecerit
718 2309 776 2367 ita:
794 2309 825 2366 id
842 2310 891 2367 erit
908 2307 978 2364 mihi
993 2304 1161 2364 vehementer
1173 2328 1237 2386 gra·

280 2399 334 2443 'mm
350 2408 360 2458 ;
381 2386 432 2449 vel
447 2386 483 2447 fic
498 2432 508 2461 ,
520 2404 570 2468 per
584 2387 680 2462 mihi,
698 2405 766 2467 per,
787 2387 917 2465 inquam,
930 2403 1039 2465 gratum
1048 2386 1170 2462 feceris:
1191 2384 1236 2447 di·

280 2463 348 2526 'xttit
372 2466 488 2536 etiam3
509 2468 540 2527 id
561 2468 611 2527 erit
627 2467 699 2525 mihi
723 2467 833 2539 etiam,
855 2484 937 2544 atque
959 2465 1041 2523 etiam
1065 2463 1236 2525 vehementer

280 2543 384 2622 ¹gromen
400 2569 412 2607 .·
435 2545 483 2607 vel
500 2545 556 2609 hoc
572 2547 685 2622 modo,
703 2546 773 2622 scito
790 2546 821 2604 id
833 2547 953 2603 omnium
968 2542 1038 2604 mihi
1048 2546 1107 2621 fore
1120 2545 1237 2625 graciffi-

283 2639 348 2683 num
364 2645 377 2696 ‚⁴
397 2623 503 2687 videtis
520 2671 530 2701 ,
549 2628 628 2688 utin
645 2626 814 2687 Ciceronem
832 2625 943 2705 semper
958 2626 1108 2699 incurrat,
1129 2625 1234 2686 necesse

283 2699 324 2763 lt.
345 2703 430 2766 Idem
448 2705 480 2766 in
505 2706 647 2786 postremo
669 2706 756 2767 faciat
772 2705 920 2766 membro,
942 2706 997 2779 Si,
1024 2703 1072 2765 ubi
1098 2706 1141 2766 ait
1156 2749 1167 2779 ,
1181 2703 1235 2778 fibi

281 2783 391 2843 mximo
407 2785 472 2861 usrn'
480 2785 590 2865 suiffe,
610 2786 724 2847 dixisset
746 2786 870 2867 potius,
898 2786 1099 2859 emolumento,
1129 2801 1181 2846 aut
1200 2809 1235 2845 o·

279 2861 399 2938 illitati,
422 2877 472 2925 aut
490 2865 650 2937 commodo,
676 2879 729 2927 aut
749 2866 837 2943 usui,
865 2865 905 2927 <t
920 2866 1077 2939 commodo,
1107 2865 1169 2944 pari
1191 2884 1234 2925 ra-

280 2939 354 3003 tione
380 2941 532 3005 Ciceronis
563 2945 663 3005 omnia
691 2946 923 3006 aonoscerentur.
951 2944 1033 3018 Quid
1063 2944 1153 3023 igitur
1173 2943 1230 3006 suit

275 3016 452 3085 faciendum?
474 3021 509 3084 Id
527 3024 605 3107 quod
628 3025 674 3086 hic
695 2993 762 3087 licit
783 3069 792 3101 ‚
812 3024 843 3085 δι
864 3024 933 3085 boni
952 3023 1087 3083 factitant
1108 3022 1212 3103 reliqui
1221 3045 1234 3093 ‚⁴

275 3113 358 3243 ᾖξε
387 3103 569 3186 Longolium
592 3122 650 3165 non
672 3107 814 3186 paucam
843 3104 899 3164 suis
920 3101 1028 3181 scriptis
1051 3099 1101 3159 fibi
1122 3099 1232 3161 confin-

295 3179 300 3192 '
349 3203 447 3258 με,
467 3199 502 3244 ut
522 3203 557 3245 eo
578 3183 693 3259 modo,
716 3204 777 3267 quo
796 3182 890 3255 facit,
912 3181 1109 3269 loqueretur,
1138 3179 1168 3240 δι
1188 3201 1233 3239 ar-

274 3273 436 3338 gumenta,
457 3261 687 3325 &locutionem
709 3261 905 3334 mendicasse,
932 3280 969 3320 ne
989 3275 1021 3320 tu
1041 3260 1160 3341 quidem
1181 3281 1231 3321 ne·

275 3337 370 3418 gabis.
391 3341 468 3404 Sane
487 3342 633 3424 quidem,
656 3359 689 3404 ut
709 3345 813 3403 horum
835 3341 958 3401 alterum
979 3339 1162 3415 concedam,
1191 3340 1233 3402 so·

276 3417 327 3482 ¹tile
347 3421 498 3502 impetrari
526 3423 643 3504 potest,
671 3421 850 3503 Longolium
879 3420 1022 3482 nonnulla
1048 3420 1233 3501 epistolarum

275 3509 445 3580 {rgumenta
460 3545 469 3575 ,
487 3501 595 3584 quibus
615 3502 651 3563 ad
671 3523 738 3565 eum
761 3504 881 3563 modum
902 3502 1060 3562 disrionem
1083 3501 1162 3561 suam
1184 3520 1234 3560 ex·

272 3593 373 3641 ttceret
389 3583 409 3654 ,'
428 3581 633 3662 percommode
660 3582 711 3643 srbi
732 3580 884 3642 effinxisse.
914 3581 968 3642 Sed
995 3579 1066 3662 quid
1095 3579 1149 3639 hoc
1169 3576 1229 3637 elli

273 3669 340 3742 ¹tutu
355 3657 502 3742 postremo
518 3659 670 3723 insanitis?
689 3663 821 3723 Primum
843 3661 921 3721 enim
942 3662 996 3721 hoc
1016 3659 1092 3718 nihil
1112 3656 1149 3716 ad
1164 3675 1229 3715 eam

274 3745 357 3813 itm,
376 3757 439 3822 que
455 3739 494 3802 de
515 3741 636 3824 agitur,
657 3737 726 3803 facit
747 3739 893 3800 omnino:
922 3738 1049 3808 deinde,
1080 3733 1146 3795 srid
1167 3755 1231 3794 mo-

262 3813 453 3914 ,xipe'taeiar
470 3861 481 3899 ,
500 3821 575 3904 quid
593 3820 664 3884 huic
683 3820 759 3883 vitio
779 3818 854 3886 datis
873 3863 884 3894 ‚
913 3816 991 3899 quod
1011 3814 1102 3876 bonos
1124 3833 1227 3876 ornnes

1145 3889 1345 4051 Ὗ·
