3034 4559
483 454 1003 515 ·‘rra1arerrr·-
1123 471 1186 541 ω

262 538 308 614 sit,
333 536 368 599 at
389 535 537 599 vocalium
558 535 653 597 hiatus
673 534 762 596 molle
784 535 862 617 quod
884 535 987 599 babeat
1003 578 1013 612 ,
1031 554 1123 621 atque
1143 544 1221 624 aspe'·

265 640 345 694 rum,
365 616 445 699 quod
470 661 491 691 ,.
507 615 616 677 etiamfi
636 616 749 676 aurium
776 616 883 686 judicio
904 615 1050 695 respuatur
1070 643 1159 694 ,non
1181 642 1225 687 rav

263 719 329 761 men
351 698 399 758 ine
422 696 443 757 ti
464 739 474 770 ,
502 696 533 757 &
553 713 655 775 parum
676 694 800 756 consulti
822 695 950 756 hominis
971 695 1050 771 else,
1071 721 1223 766 common·
1291 698 1296 709 ’

261 780 331 841 slro.
352 717 499 839 Poiremo
519 795 586 836 cum
607 774 696 854 longo
712 774 799 837 nimia
820 773 975 837 verborum
995 776 1127 842 anfratlu
1155 802 1221 844 ora-

261 859 372 921 tionem
393 855 473 916 suam
497 854 694 929 determinet,¹
707 868 740 915 ut
761 872 823 916 eam
846 855 1082 920 intramoderati
1103 860 1223 940 spiritus

261 935 410 1000 conclusos
433 935 572 995 terminos
587 934 768 1005 contineam
797 950 860 996 tum
883 931 1025 998 fisconna
1044 947 1222 1021 earn'tangu.

261 1022 312 1083 llet
342 1014 457 1088 nimis,
485 1015 581 1095 quoad
609 1013 733 1074 laxanda
762 1013 820 1088 sit,
850 1013 948 1077 sedulo
976 1018 1224 1084 commonefacio-r

263 1100 333 1159 Non
357 1095 433 1157 soleo
454 1114 508 1174 ego
530 1091 594 1173 [ne
617 1094 672 1154 hoc
691 1113 808 1232 rpuoque
834 1092 1034 1177 dillrmulem]
1056 1117 1155 1161 meum
1166 1101 1224 1161 Di·

264 1176 407 1258 scipulum
430 1194 530 1255 cogere
546 1218 556 1247 ,
573 1172 659 1235 ursit
681 1193 851 1254 perumque
871 1175 912 1235 in:
924 1173 1027 1238 scholis
1043 1218 1063 1251 ,1
1081 1179 1222 1261 quicquid

262 1257 287 1317 ei
308 1253 465 1316 dicendum
489 1253 540 1313 usu
561 1252 685 1326 veniat,
715 1253 819 1314 Latine
840 1269 872 1314 ut
893 1254 922 1314 id
946 1254 1071 1334 proferre.
1088 1276 1225 1334 conetura

262 1337 370 1398 Utrum
392 1334 471 1395 enim
486 1333 556 1413 plus
579 1331 750 1407 commodi,
771 1353 809 1394 an
828 1332 927 1394 damni
949 1334 985 1396 ad
1005 1336 1143 1397 Latinam
1166 1338 1223 1400 ele·

263 1417 413 1497 gantiam,
435 1433 524 1496 quam
541 1412 783 1491 monuerimus,
804 1412 858 1473 hoc
876 1410 978 1474 afferat
994 1413 1137 1488 studium,
1160 1438 1222 1482 nou

264 1496 349 1576 plane
372 1492 438 1554 satis
460 1492 551 1554 habeo
573 1508 771 1572 compertum.
796 1490 939 1572 Equidem
959 1492 1054 1554 simeo
1069 1494 1222 1576 Discipulo

264 1593 329 1637 cum
351 1574 387 1634 iis
408 1572 580 1635 versandum
601 1571 659 1646 sit,
690 1571 741 1652 qui
754 1582 885 1632 tantum
898 1592 956 1635 eo.
972 1571 1223 1657 modoegregie,

266 1672 294 1717 at
314 1673 351 1715 ue
373 1652 519 1733 splendide
542 1652 724 1733 loquantur,
736 1654 783 1712 ··in
811 1671 874 1712 eam
894 1651 1133 1718 consuetudinem
1153 1676 1224 1722 eum

265 1736 271 1746 '
311 1752 427 1796 ucerem
449 1732 587 1793 omnino.
610 1731 646 1791 ld
666 1731 745 1791 enim
768 1729 873 1804 fieret,
896 1733 974 1813 quod
997 1734 1222 1800 notu-nostra

263 1814 302 1875 lin
324 1834 381 1888 ua,
404 1812 434 1873 δι
457 1812 585 1873 Romani
608 1811 639 1871 in
662 1811 716 1871 hac
737 1809 798 1891 ipsa
818 1810 867 1877 sua
883 1813 989 1874 Latina
1005 1811 1165 1890 faciebant,
1188 1833 1224 1880 ut

263 1835 344 1956 nulia
363 1891 553 1965 difficultate,
574 1891 668 1953 multa
689 1891 779 1952 etiam
801 1910 868 1954 curn
889 1892 1060 1972 dignitate,
1080 1895 1222 1976 quicquid

298 1974 358 2034 llea
379 1973 486 2047 vellet,
506 1970 657 2033 commode
679 1970 867 2051 loqueretur:
891 1972 962 2046 sed,
991 1994 1058 2034 cum
1080 1975 1127 2037 hic
1148 1996 1165 2035 a
1185 1976 1222 2035 li-

262 1995 317 2115 biis
340 2050 481 2125 discessit,
502 2070 552 2112 aut
574 2052 663 2111 etiam
687 2071 704 2111 a
724 2050 862 2128 magistro
885 2051 934 2112 suo
953 2095 962 2126 ‚
983 2052 1042 2112 alio
1064 2053 1221 2115 locutionis

263 2132 312 2195 suar
334 2132 479 2193 rationem
496 2129 596 2191 referre
613 2130 752 2210 cogitur3
772 2128 878 2203 domi,
899 2131 929 2190 in
951 2131 1024 2206 viis,
1048 2151 1114 2193 cum
1135 2132 1219 2193 fami·

263 2211 399 2286 liaribuS,
420 2212 497 2286 ruri,
521 2212 551 2272 in
572 2208 667 2279 Urbe,
687 2207 745 2269 alio
754 2208 843 2269 etiam
856 2209 943 2270 modo
965 2210 1142 2291 loquendum
1160 2214 1222 2275 est.

263 2292 325 2354 Huc
349 2290 486 2364 accedit,
513 2288 592 2371 quod
613 2286 718 2349 infanti
741 2306 850 2367 puero,
871 2288 1022 2364 dumea,
1073 2310 1115 2351 ua
1137 2290 1220 2363 vult,

263 2392 293 2432 er
314 2389 464 2451 tempore,
485 2386 571 2451 atque
593 2368 687 2430 subito
709 2364 833 2458 proferre
854 2366 989 2443 laborat,
1009 2310 1111 2430 militis
1133 2371 1221 2450 parti-

265 2450 310 2513 bus
334 2472 370 2511 ea
391 2451 476 2531 plura
495 2449 653 2523 excidant,
681 2464 745 2529 quae
757 2446 899 2525 barbare,
913 2468 983 2530 ,quar
1005 2448 1127 2528 inepte,
1155 2469 1219 2531 qua

266 2529 436 2603 incondite,
467 2546 554 2611 arque
576 2524 793 2610 incompodte,
820 2546 883 2608 quae
896 2526 1027 2610 denique
1048 2528 1155 2591 nullius
1176 2529 1220 2589 di·

300 2610 383 2673 itatis
406 2610 478 2683 sint,
499 2627 587 2690 quam
608 2619 672 2689 qua
695 2605 1012 2683 vixlolerabilia'srnr,
1036 2607 1138 2671 necesse
1159 2609 1218 2670 est.

279 2709 305 2753 ta
326 2689 390 2763 fit,
413 2706 446 2750 ut
465 2690 534 2749 dum
555 2687 711 2765 locutionis
726 2685 863 2760 *studeant
884 2688 1051 2762 celeritati,
1075 2688 1216 2752 orationis

266 2786 397 2833 ornatum
419 2789 561 2843 emnem,
590 2784 677 2852 atque
689 2766 877 2859 'dignitatem
896 2786 1106 2850 corrumpant.
1137 2772 1218 2845 Quo·¹

267 2849 340 2911 niam
371 2865 469 2915 autem
500 2848 577 2929 quod
606 2850 637 2908 in
665 2843 836 2930 quotidiano
867 2848 995 2910 sermone
1016 2850 1139 2930 positum
1161 2848 1219 2923 est,

268 2930 336 2990 nihil
359 2929 515 2989 admodum
537 2927 648 2988 Latina
678 2928 804 2994 orationi
822 2928 943 3007 prodesse
966 2928 1080 2991 videtur
1100 2929 1218 2989 adeam

268 3008 462 3091 dignitatem,
490 3028 553 3088 qua:
574 3007 633 3076 ejus
655 3007 761 3087 lingua
783 3027 859 3066 mere
879 3026 1018 3086 germana
1039 3010 1105 3080 est,
1134 3028 1166 3068 ac
1187 3026 1220 3067 o·

270 3092 366 3150 tonino
388 3108 422 3148 ea
437 3087 519 3150 nobis
540 3087 639 3167 aliqua
655 3086 876 3160 exercitatione,
897 3102 984 3165 atque
1001 3085 1124 3147 artificio
1139 3105 1220 3146 conr·

271 3168 417 3246 paranda,
438 3184 524 3249 atque
545 3164 741 3227 confirmanda
764 3164 826 3224 est:
850 3163 984 3245 equidem
1008 3166 1037 3226 id
1059 3164 1218 3243 diligentia

272 3245 302 3307 ab
323 3268 383 3311 uno
405 3246 496 3325 flylo,
519 3246 569 3328 qui
591 3243 704 3305 dicendi
728 3242 886 3323 magister,
917 3242 1061 3324 &opifex
1085 3244 1123 3305 est
1144 3246 1220 3324 opti·

272 3344 353 3402 mus,
382 3327 537 3407 petendum
557 3325 611 3387 else
630 3324 752 3387 censeo.
783 3322 829 3384 Ad
851 3323 927 3384 hunc
950 3324 1040 3405 igitur
1060 3346 1094 3387 eo
1115 3325 1222 3399 modo,

274 3424 326 3486 quo
347 3406 387 3467 est
407 3406 519 3468 dislum
539 3427 556 3466 a
578 3403 661 3466 nobis
690 3403 777 3483 paulo
808 3402 959 3483 superine,
989 3405 1160 3469 exercendus
1182 3406 1222 3466 est

289 3504 357 3546 uer.
387 3486 465 3547 Cum
494 3505 563 3547 vero
585 3484 610 3545 is
631 3483 662 3543 in
683 3503 717 3544 eo
745 3499 861 3543 tantum
893 3480 1068 3573 profecerit,
1097 3506 1130 3549 ac
1160 3483 1221 3554 jam

274 3500 371 3648 iquod
392 3565 499 3655 ajunt]
521 3566 577 3626 sine
598 3563 704 3625 cortice
725 3578 823 3624 natare
843 3562 994 3636 didicerit,
1014 3581 1076 3625 tum
1097 3562 1222 3644 denique

276 3658 301 3700 ru
319 3664 352 3705 eo
373 3645 400 3705 se
420 3661 587 3717 contineat,
610 3644 641 3703 in
662 3663 697 3704 eo
717 3643 794 3716 dies,
816 3642 846 3701 &
868 3642 966 3702 nolles
989 3643 1108 3704 studiose
1131 3643 1222 3702 verse·

277 3731 334 3780 tur:
354 3723 474 3799 scribat,
496 3723 645 3795 rescribat,
667 3722 785 3795 deleat,
808 3739 946 3801 reponat,
968 3721 1072 3795 libros,
1094 3720 1222 3783 volumi·

279 3815 309 3859 na
327 3802 478 3867 conficiat:
500 3801 623 3865 materia
640 3801 711 3862 nulli
733 3798 821 3940 deelssle
838 3800 947 3879 potest,
968 3819 1056 3880 quam
1074 3800 1166 3941 surpat
1184 3798 1221 3863 ad

858 3899 872 3958 3
1128 3899 1180 3942 ctr-
