3034 4559
331 452 390 531 248
617 451 645 512 Ἰ
685 454 717 514 N
755 451 786 514 D
824 450 852 513 E
891 451 922 514 Χ·

284 533 417 593 Homines
426 531 513 613 primi
527 531 558 591 in
608 534 646 590 ris
661 530 804 610 bestiarum
818 554 888 593 nrore
897 532 1027 612 palantes
1045 550 1175 595 mutam
1189 555 1248 595 met·

290 684 294 693 Ι
319 612 431 692 gistrum
447 628 557 671 tantum
571 551 727 672 thetbebant.
818 669 821 674 ,
886 653 889 660 ,
1207 635 1243 691 19

282 693 415 753 Homines
435 693 466 753 in
487 709 570 750 morte
592 714 645 751 non
668 691 840 752 moriuntur.
959 759 962 764 ⁴
1090 759 1093 764 ¹
1188 704 1243 755 210

283 773 412 832 Hominis
432 788 714 831 natura-numerorum
730 770 875 832 dulcedine
889 773 1006 831 maxime
1020 769 1187 834 detestatur.
1209 793 1244 835 10

284 851 413 911 Homines
427 849 481 924 nist
492 850 638 926 onustorum
662 872 792 911 annorum
805 850 949 930 sapiunt,
970 847 1100 932 fiantque
1119 853 1161 914 ad
1180 852 1245 933 reihe

294 1002 297 1009 Ι
317 932 410 991 vitam
428 930 563 1009 agendam
582 929 785 1011 prudentiores.
1189 932 1241 994 182

281 1012 401 1071 Homini
417 1031 487 1069 novo
507 1009 656 1071 conceditur
675 1011 721 1090 jus
735 1009 866 1089 suffragii
880 1009 1015 1087 serendi,
1043 1003 1179 1071 donandae
1197 1035 1243 1071 au·

278 1138 284 1162 ,
322 1108 377 1151 tem
405 1089 541 1149 Civitatis
562 1111 614 1150 non
637 1090 695 1150 ita.
1206 1090 1238 1168 83

280 1166 446 1229 Hominibus
470 1166 556 1229 obvia
573 1212 582 1245 ,
602 1187 685 1248 atque
708 1191 792 1250 quam
812 1167 944 1247 notissima
957 1186 1116 1243 occurrunt,
1135 1192 1198 1248 qua
1216 1172 1250 1230 in

321 1247 398 1308 rebus
417 1246 544 1307 humenis
560 1250 652 1308 minus
671 1251 776 1331 egregia
795 1246 942 1320 habentur.
1187 1268 1240 1330 273

280 1328 433 1388 Hominum
448 1325 636 1388 benevolentia
652 1352 708 1409 qua
724 1330 826 1389 ratione
844 1346 1024 1411 comparetur.
1187 1349 1237 1407 141

281 1408 431 1468 Hominum
450 1406 558 1487 ingenia
575 1408 737 1491 plerumque
756 1409 856 1485 vitia,
875 1432 961 1489 quum
980 1410 1117 1482 virtues,
1136 1410 1241 1471 acutius

320 1490 482 1549 attendunt.
1220 1508 1238 1565 7

278 1567 429 1626 Hominum
450 1567 582 1629 nonnulla
602 1591 677 1628 nova
699 1557 816 1632 inventa
838 1569 1017 1645 recensemur.
1201 1567 1238 1645 48

277 1648 366 1706 Homo
387 1648 487 1707 ceteris
502 1648 691 1709 animantibus
705 1648 809 1707 ratione
824 1691 833 1724 ,
852 1648 893 1709 (9⁹
908 1648 1025 1707 oratione
1035 1638 1165 1726 ptaesiat.
1187 1666 1239 1719 121¹

275 1726 427 1785 Hominum
449 1726 532 1804 sensa
553 1727 623 1805 sunt
642 1724 722 1808 quusi
746 1745 830 1802 rota,
858 1748 917 1807 quae
938 1742 1069 1807 perpetuo
1086 1737 1137 1807 per
1158 1724 1237 1786 verba

315 1804 574 1868 circumvehuntur..
729 1874 732 1880 ,
1185 1807 1235 1866 106

273 1884 351 2021 &aa
365 1881 470 1959 honesia
479 1883 699 1959 sunt,omnibus
708 1885 810 1968 suapte
826 1903 925 1948 natura
944 1883 1062 1965 concessa
1071 1884 1160 1961 sient.
1184 1883 1235 1945 1'62

323 1962 386 2020 ratii
405 1963 435 2021 in
456 1965 556 2039 Satyra
576 1964 689 2025 laudes.
1096 2023 1099 2032 ,
1124 2015 1128 2026 .
1201 1968 1235 2043 36

274 2043 323 2101 De
344 2041 457 2101 Horatio
476 2041 627 2118 iudicium.
1200 2058 1231 2123 35

274 2121 410 2181 Horatius
426 2121 607 2202 Trigeminus
629 2121 661 2183 ob
678 2124 851 2206 impotentem
871 2117 941 2185 iram
956 2124 1149 2205 vituperatus.
1174 2123 1235 2185 128.

318 2220 384 2277 129·
820 2267 823 2272 .
1019 2234 1021 2238 ·
1052 2272 1055 2278 .

274 2281 411 2374 Horatius
430 2295 583 2359 naturam,
603 2282 642 2345 Θ*
662 2301 746 2345 artem
767 2285 797 2344 in
811 2283 968 2366 pangendis
984 2278 1107 2357 verstbus
1129 2284 1236 2363 consun-

314 2378 371 2441 git.
1199 2382 1230 2423 21

274 2441 408 2499 Horatius
423 2440 571 2516 sororicida
593 2440 807 2523 reprehenditur.
1101 2443 1233 2519 128.129

271 2523 307 2578 In
327 2518 455 2599 hospitem
473 2518 632 2599 perfidum,
653 2523 849 2603 &ingratum
868 2522 1049 2602 querimonia.
1199 2542 1229 2601 15

269 2602 305 2657 In
319 2599 448 2677 hospitem
458 2602 609 2681 fugientem
624 2604 777 2676 Ariadne,
802 2602 841 2663 (9
861 2604 981 2663 Didonis
995 2602 1124 2681 querele.
1196 2602 1229 2664 61

270 2679 406 2754 Hosiilius
435 2681 494 2737 Rex
508 2682 561 2754 suo
584 2682 714 2762 ingenio,
743 2684 782 2742 (J
802 2684 905 2741 divino
925 2701 1024 2741 notura
1037 2685 1159 2760 sortunae
1171 2694 1231 2764 pro·

310 2758 439 2814 ditionem
464 2761 591 2818 correxit.
1178 2765 1230 2837 189

271 2835 363 2910 Hosiis
386 2836 465 2913 pejor
485 2837 581 2895 nullus
611 2838 719 2917 reperiri
733 2839 843 2918 potest,
874 2862 958 2918 quam
980 2842 1029 2919 qui
1049 2839 1143 2901 verbis
1163 2842 1230 2901 ami-

308 2914 412 2989 ciffimis
426 2913 460 2989 se
479 2914 640 2992 osientet,re
659 2936 749 2978 autem
765 2940 831 2979 vera
851 2920 1029 2999 insiliishmus
1044 2921 1174 2983 inimicus
1189 2944 1231 2980 ex·

310 2994 390 3071 isiat.
1175 3021 1227 3078 ¹44

271 3077 407 3135 Humane
428 3076 495 3134 vitae
514 3076 649 3138 conditioe
1177 3100 1228 3140 210

269 3155 469 3311 Humani?
493 3156 644 3233 studiorum
671 3158 808 3239 mugistis
842 3159 981 3219 Civitates
1005 3159 1117 3237 prorsus
1146 3180 1227 3223 carere

307 3256 360 3293 non
378 3251 413 3313 po
437 3252 502 3295 unt.
1174 3258 1225 3315 140

736 3397 751 3457 I

271 3548 407 3691 IDibii
428 3594 437 3625 ,
457 3549 496 3612 (r
516 3548 649 3615 Calendis
667 3555 825 3619 centesrmae
846 3555 932 3619 usurae
945 3549 1147 3633 solvebantur.
1170 3560 1224 3620 160

270 3710 404 3771 imitandi
431 3712 497 3772 ratio
517 3734 578 3774 cnm
604 3705 743 3773 hominum
770 3715 900 3794 studiis,
929 3736 989 3777 tum
1018 3718 1102 3780 etiam
1122 3737 1224 3780 nature

308 3786 430 3864 heodicio
438 3837 447 3868 ,
450 3792 605 3874 plurimum
623 3794 743 3873 prodest.
1187 3817 1225 3875 24

1133 3877 1186 3937 Im·
