3034 4559
314 462 369 523 130
419 463 433 484 ··
465 436 1038 524 oueV1TAND=A‚ATQtJa‘

271 524 355 588 vium
397 521 470 584 irata
490 523 577 596 sum,
607 520 709 581 mortis
730 540 794 588 reus
816 518 886 588 ἧος
916 538 948 582 tu
970 542 1037 582 vero
1054 563 1065 592 r
1084 521 1158 602 quia
1179 522 1248 582 Ur-

271 601 345 677 bes,
366 541 397 670 d
420 604 584 666 Provincias
606 599 706 662 furaris
726 644 736 675 ‚
759 601 917 681 Regnaque
940 601 1079 681 legitimis
1103 600 1248 682 Regibus

271 684 358 763 eripis
375 728 387 759 ,
406 685 466 750 Rex
488 685 524 744 ab
544 679 677 743 omnibus
699 679 854 740 ercoleris.¹
876 680 966 741 Sensit
988 679 1087 749 jocum
1108 681 1247 742 Alexan·

273 762 343 837 der,
359 779 447 843 atque
467 764 511 822 illi
532 761 665 841 ignouitr
687 760 842 838 Pompeius
864 760 1022 840 Magnusn
1063 781 1099 820 ue
1119 760 1244 830 huiusce

270 841 371 914 jocosa
391 843 500 912 injuriae
522 861 622 921 expers
644 838 715 901 suit.
737 840 885 915 Quarenti
907 839 1025 901 enima
1072 840 1191 901 icerone
1207 841 1242 902 in

274 920 441 984 dissensione
470 922 521 982 illa
548 921 668 995 Civili,
696 919 745 990 ubi¹
768 918 921 980 Dolabella
951 920 1010 989 ejus
1038 933 1128 999 gener
1148 916 1241 982 esset?

271 1018 375 1081 argute
396 1002 512 1082 inquit:
528 1013 594 1062 cum
617 1017 669 1061 tuo
688 1000 810 1070 Socer03
828 1019 878 1078 par
898 999 961 1079 pari
981 996 1122 1060 referenti
1149 1002 1240 1075 Quae·

271 1080 347 1144 tenti
363 1082 435 1142 item
452 1080 582 1162 Augusto
598 1081 633 1144 de
649 1078 778 1161 quodam
795 1077 971 1142 adolescente
991 1080 1174 1159 peregrino,
1197 1078 1237 1142 sui

295 1180 363 1220 uam
389 1161 565 1235 simillimo,
593 1179 664 1222 num
686 1158 735 1219 uid
761 1158 821 1227 eius
847 1174 939 1223 mater
966 1171 1110 1239 umquam·
1135 1161 1238 1221 Koma

272 1179 389 1302 suisset!
418 1262 487 1301 num
513 1260 608 1316 uam,
637 1181 810 1318 respondit3
831 1238 877 1299 sed
904 1255 984 1317 pater
1000 1238 1087 1317 saepes
1111 1240 1237 1306 Retorfit

273 1318 386 1382 diuum
402 1261 562 1382 adolescens
579 1365 589 1395 ,
610 1321 688 1401 quod
707 1317 853 1399 Augustus
868 1319 962 1379 ridens
978 1318 1107 1398 accepitt
1129 1319 1237 1401 Philip»

273 1419 328 1481 pus
352 1416 451 1462 autem
475 1422 534 1462 non
545 1400 643 1461 ‘solum
664 1398 830 1472 insulsum,
850 1395 895 1458 sed
911 1398 1000 1459 etiam
1016 1399 1189 1466 immaniter
1208 1402 1236 1468 iu

276 1481 304 1540 se
320 1480 431 1541 dietum
449 1479 635 1562 placidiffime
652 1480 737 1542 tulit.
758 1480 838 1538 Nam
863 1497 930 1539 cum
947 1477 1169 1546 Atheniensium
1186 1480 1235 1540 Le·

275 1576 362 1639 gatos
377 1556 499 1622 domum
518 1560 676 1621 remitteret
692 1603 702 1633 ,
722 1574 812 1639 atque
827 1560 927 1618 omnia
941 1558 1001 1617 illis
1017 1595 1027 1631 5
1049 1570 1083 1618 ut
1098 1557 1133 1626 lit
1151 1558 1234 1639 „pol-

276 1640 410 1701 liceretur
426 1657 435 1709 ;
455 1653 549 1722 neque
573 1639 602 1699 se
618 1640 775 1720 quicquam
797 1636 903 1697 habere
922 1638 1031 1698 diceret
1046 1681 1058 1711 ,
1076 1639 1157 1719 quod
1179 1658 1234 1704 nou

277 1738 379 1781 eorum
397 1718 482 1798 Reip.
506 1719 598 1779 caussa
613 1719 729 1779 vellet:
750 1734 813 1778 tum
836 1728 910 1778 unus
926 1738 960 1777 ex
980 1718 1016 1778 iis
1032 1735 1081 1778 ma
1104 1719 1126 1780 is
1144 1717 1236 1799 impu·

278 1798 406 1870 denter,
427 1817 518 1878 quam
537 1796 644 1866 jocose.
664 1798 693 1858 Si
714 1797 759 1857 ita
781 1794 849 1870 est,
877 1797 1002 1877 inquit,
1023 1812 1055 1857 tu
1076 1738 1177 1860 {uem
1193 1817 1235 1859 ca·⁴

330 1919 340 1951 ,
361 1890 449 1955 arque
467 1892 497 1938 te
512 1915 523 1950 ‚
542 1876 621 1966 quod
638 1896 673 1935 ea
689 1874 817 1936 maxime
832 1877 938 1955 cupit,
959 1875 1114 1955 suspendes
1133 1879 1234 1940 Acrem

276 1896 353 2017 linc
374 1949 607 2017 maledicentiam
627 1954 781 2035 Philippus
800 1956 843 2016 ita
864 1956 957 2016 amice
976 1957 1113 2036 accepit,
1134 1973 1169 2019 ut
1185 1956 1237 2020 suis

277 2035 501 2112 committeret,
529 2048 562 2098 ut
582 2054 650 2106 eum
678 2033 799 2113 domurn
830 2033 919 2117 usque
944 2036 1156 2100 comitarentur
1174 2084 1185 2112 ,
1203 2055 1236 2100 ue

278 2115 312 2177 in
326 2115 421 2177 reditu
435 2114 473 2176 ob
489 2115 573 2178 illam
598 2115 657 2185 ejus
673 2113 861 2183 insolentiam
881 2117 912 2176 in
927 2116 1032 2176 itinere
1047 2138 1066 2176 a
1080 2117 1137 2179 suis
1155 2119 1237 2180 intera

280 2195 428 2257 ficeretutt
447 2196 477 2256 Si
494 2216 563 2258 vero
579 2196 630 2279 qui
646 2214 699 2258 nos
722 2194 825 2277 aliquo
839 2194 947 2256 damno
972 2193 1100 2258 affecerit
1116 2231 1128 2269 ‚·
1147 2196 1233 2267 majo·

280 2295 316 2344 ta
331 2276 363 2337 in
379 2295 432 2338 nos
449 2275 520 2340 alias
537 2275 675 2337 beneficia
690 2276 871 2350 contulerit,
894 2276 961 2337 huic
981 2297 1040 2336 non
1060 2275 1167 2351 irasci,
1188 2290 1234 2338 aut

278 2352 386 2419 saltem
409 2355 515 2418 leviter
538 2354 618 2417 irasci
634 2354 785 2418 debemust
806 2355 929 2426 Maioris
952 2357 1030 2416 enim
1049 2355 1180 2418 beneficii
1197 2375 1236 2416 ra·

282 2435 364 2498 tione
386 2436 508 2497 minoris
531 2435 642 2504 injuriae
666 2435 807 2497 damnum
830 2436 1012 2514 compensare
1028 2434 1182 2497 debemus.
1204 2435 1235 2495 ln

283 2514 386 2604 primis
411 2531 510 2576 autem
526 2514 558 2573 in
583 2511 706 2575 sedanda
721 2516 870 2577 iracundia
888 2509 1045 2575 conducere
1060 2515 1177 2576 videtur
1193 2560 1201 2588 ,
1219 2512 1236 2574 s

278 2610 395 2667 iratus,
419 2605 485 2652 ante
503 2612 592 2673 quam
615 2592 652 2652 ad
669 2593 810 2654 ultionem
832 2592 948 2665 veniat,
970 2589 1017 2653 vel
1033 2593 1169 2669 pusillam
1191 2593 1238 2654 aria

280 2692 373 2752 ,quam
390 2687 503 2731 moram
520 2667 735 2747 interposuerit.
751 2674 848 2745 Quare
863 2670 952 2729 etiam
967 2690 1028 2729 non
1044 2668 1173 2743 defuere,
1191 2671 1237 2761 qui

280 2751 417 2824 ‚arbitrati
446 2748 525 2823 sint,
559 2748 711 2808 Romanos
738 2747 847 2809 secures
875 2746 939 2807 suas
965 2768 1001 2808 ea
1019 2747 1133 2808 ratione
1161 2749 1237 2812 salci·

283 2828 338 2890 bus
367 2827 502 2906 alligatas
524 2823 673 2899 habuisse,
701 2841 734 2888 ut
755 2827 832 2888 irato
860 2826 1045 2906 Magistratui
1074 2826 1177 2889 saltem
1204 2828 1236 2892 ad

284 2906 433 2972 tantulum
465 2927 552 2967 morae
572 2904 609 2965 ad
629 2902 751 2968 sedatius
779 2907 811 2967 in
830 2926 911 2968 reum
931 2906 1076 2986 agendum
1102 2904 1237 2983 daretur,

282 3003 427 3070 quantum
445 2985 530 3067 spatii
547 2985 614 3047 esset
629 2985 666 3045 ad
681 2984 767 3047 fasces
783 2986 994 3058 dissolvendos3
1015 2987 1094 3068 quod
1112 2987 1237 3051 sanslissn

281 3086 367 3131 mum
384 3084 556 3147 preceptum
571 3064 776 3130 Athenodorus
784 3067 907 3148 Augusti
925 3064 1156 3146 Magister,cum
1166 3069 1237 3130 abeo

285 3150 319 3211 in
335 3147 447 3210 summa
473 3146 521 3208 sua
537 3144 680 3209 senesiute
695 3143 818 3208 domum
834 3144 936 3208 volens
952 3148 1174 3223 remitteretur,
1193 3169 1237 3229 po·

288 3231 413 3302 stremo,
428 3227 475 3287 sed
491 3248 550 3288 non
567 3223 739 3307 poslremum
755 3226 800 3288 illi
839 3242 990 3305 receptum
1011 3226 1147 3307 reliquit,
1164 3245 1196 3288 ut
1210 3228 1237 3288 iu

285 3307 330 3367 ira
345 3308 443 3384 prius,
459 3325 547 3387 quam
565 3307 610 3368 illi
625 3306 784 3388 quicquam¹
801 3246 1026 3385 oltemperaret,
1041 3306 1136 3367 secum
1145 3308 1237 3368 animo

282 3387 401 3447 firaecas
417 3384 513 3446 literas
530 3403 716 3466 percurreret.
737 3384 875 3465 Sperabat
883 3385 961 3445 enim
977 3384 1106 3525 optimus
1117 3386 1239 3449 Philoso·

288 3466 363 3546 phus
380 3476 551 3545 nonparum
569 3466 642 3526 irato
658 3464 902 3543 profuturum,ne
909 3464 979 3545 quid
1007 3465 1117 3526 evetius
1127 3481 1238 3543 ageret,

288 3544 310 3606 sr
333 3545 369 3607 ad
388 3544 556 3627 supplicium
581 3544 611 3605 id
628 3544 777 3606 tantulum
792 3564 878 3605 mora
901 3544 1108 3623 interponeret.
1131 3545 1240 3617 Certe,

291 3643 325 3688 ut
346 3626 438 3689 subita
453 3626 496 3687 ira
511 3625 567 3698 ell,
587 3624 705 3706 citoque
720 3626 837 3686 animus
853 3623 904 3684 illa
919 3622 1082 3697 incalescit,
1103 3624 1145 3686 ita
1153 3627 1240 3687 etiam

283 3728 352 3771 non
368 3709 419 3771 diu
439 3708 471 3767 in
491 3723 525 3766 ea
545 3705 717 3765 commorari
738 3703 874 3766 videtur.
897 3704 1013 3764 Natura
1032 3702 1110 3763 enirn
1126 3723 1238 3785 compa·

293 3806 392 3850 ratum
411 3788 476 3863 est,
495 3802 553 3861 ut,
574 3783 652 3868 quod
674 3784 754 3846 brevi
776 3782 907 3859 crescat,
935 3780 1016 3846 brevi
1035 3783 1128 3844 etiam
1135 3782 1243 3926 dconci·

1157 3878 1209 3939 at,
