3034 4559
320 492 404 555 ¹230
491 469 833 538 caretate
871 466 1082 531 aanor

369 577 1198 714 oA-'a'i'irocounusalcorus

598 745 722 869 Gasqsari
746 786 847 849 Sardio
875 788 903 849 S.
925 787 963 848 Ι).

296 955 362 1020 Hac
376 950 488 1034 epistola
511 945 635 1009 animum
651 948 784 1028 Gafparis
800 947 896 1008 sardii
905 944 962 1020 fibi
977 946 1123 1007 conciliare
1138 966 1266 1025 conuur,

335 1034 504 1110 ueniamque
525 1025 613 1089 coium
631 1028 718 1106 petit,
736 1051 796 1105 qttae
816 1029 846 1087 itt
866 1050 927 1085 eum
946 1026 1036 1085 multa
1052 1024 1193 1089 oblocutus
1204 1032 1265 1105 fue·

334 1132 406 1186 rat,
434 1130 465 1171 ut
485 1111 582 1170 uidere
609 1108 646 1185 ess
667 1109 696 1167 in
719 1104 879 1182 Desetfione
907 1125 999 1167 contra
1019 1106 1173 1186 Gasparem
1201 1111 1266 1168 Sam

334 1194 403 1253 dum
423 1192 459 1250 de
481 1189 686 1262 Praenomine,
709 1188 857 1262 Nomine,
888 1186 926 1246 <u
946 1186 1136 1267 Cognomine
1156 1189 1187 1247 in
1210 1192 1272 1247 To«

331 1293 375 1334 mo
390 1272 480 1354 primo
509 1273 627 1352 Operum
648 1267 841 1329 Bartholomaei
855 1267 934 1328 Ricct‘
949 1267 1068 1341 inserta.
1261 1287 1265 1294 ·

288 1482 290 1489 .
377 1430 404 1491 E
427 1451 500 1506 me,
522 1429 629 1504 Sardi,
649 1428 681 1490 dc
701 1426 820 1508 pessime
839 1426 954 1490 locutus
975 1447 1030 1501 es,
1052 1446 1105 1489 nec
1128 1426 1265 1493 honestis·

390 1512 457 1572 sime
478 1511 568 1571 etiam
591 1507 733 1589 scripsisti.
755 1508 821 1588 Ego
842 1528 911 1569 vero
932 1508 1048 1588 utrique
1068 1508 1118 1567 res
1134 1508 1262 1583 ondens,

293 1611 348 1672 par
367 1590 421 1651 tibi
441 1590 553 1666 retuli,
574 1588 626 1649 nisr
651 1587 730 1669 quod
751 1608 817 1648 mea
840 1587 983 1648 honestior
1005 1587 1081 1647 ratio
1117 1588 1161 1649 uit
1183 1632 1193 1662 ‚
1233 1590 1262 1650 ui

290 1686 466 1752 provocatus
489 1668 544 1730 tibi
565 1667 722 1749 respondi3
753 1685 804 1729 rua
825 1687 894 1729 vero
914 1667 1073 1747 iniquior,
1102 1667 1158 1749 qui
1181 1608 1261 1730 milla

289 1750 406 1890 gersus
434 1748 528 1810 caussa
555 1749 585 1809 in
606 1768 705 1808 meum
728 1768 837 1809 nomen
861 1746 1006 1811 &verbis
1028 1746 1261 1822 inimiciffimis,

342 1828 453 1907 scriptis
468 1828 559 1889 etiam
577 1826 788 1888 inimiciotibus
806 1827 936 1889 inveelus
952 1846 997 1886 es.
1019 1826 1075 1886 Sed
1098 1844 1132 1889 ut
1151 1844 1180 1889 te
1198 1828 1258 1889 sum

289 1906 322 1969 in
344 1906 461 1983 caussa,
490 1906 526 1967 fic
548 1907 637 1968 etiam
666 1907 696 1966 in
717 1906 825 1969 Christi
854 1908 925 1986 Opt.
947 1905 1028 1967 Max.
1050 1904 1108 1967 fide
1132 1907 1260 1988 superior

288 1984 343 2048 else
365 1984 451 2047 volo.
480 1985 551 2046 Cras
574 1985 609 2046 de
630 2006 709 2047 more
740 2006 807 2048 meo
826 2006 892 2048 eum
919 1986 949 2045 in
971 1985 1105 2047 mesum
1128 2005 1258 2069 acceptu·

289 2086 354 2138 rus.
377 2065 526 2142 Quoniam
548 2086 616 2129 vero
637 2067 662 2127 is
684 2065 726 2128 ita
747 2066 826 2138 jubet
846 2110 855 2142 ,
877 2082 910 2128 ut
955 2065 1011 2125 rius
1034 2066 1070 2127 iis
1092 2068 1171 2128 recle
1193 2089 1259 2130 cou-

286 2146 444 2221 ciliemur,
473 2146 643 2229 quibuscum
674 2147 843 2208 inimicitias
873 2086 1068 2227 gelsdiimus3
1100 2148 1260 2227 egotibi,

310 2244 352 2287 ute
373 2225 506 2288 adversus
524 2248 570 2287 me
586 2227 738 2288 oblocutus
761 2248 807 2302 ee,
824 2247 857 2287 ea
878 2224 1012 2287 condono
1033 2227 1157 2302 omnia,
1175 2228 1258 2289 Chri·

286 2246 418 2389 slumque
446 2309 517 2388 Opt.
543 2308 623 2368 Max.
653 2324 686 2367 ut
708 2307 808 2366 eadem
831 2306 885 2367 ribi
906 2304 1067 2385 ignoscat,
1093 2326 1196 2388 rogo,
1219 2324 1256 2370 te-

285 2405 343 2467 que
372 2402 474 2447 contra
501 2408 578 2462 oro,
601 2403 663 2461 ut,
690 2386 830 2468 quicquid
860 2407 878 2445 a
904 2406 952 2446 me
982 2386 1129 2448 extorfisti
1150 2387 1182 2447 in
1206 2404 1255 2461 te,

283 2482 373 2548 atque
403 2465 434 2525 in
457 2483 539 2527 tuum
570 2486 703 2541 nomen,
733 2488 769 2527 ne
792 2466 909 2546 posthac
938 2465 1092 2527 recorderis
1117 2490 1127 2539 3
1158 2466 1205 2528 sed
1226 2484 1254 2528 tu

306 2565 401 2625 noque
424 2545 540 2606 Christo
563 2546 650 2606 modo
672 2547 832 2621 remittas,
855 2563 944 2626 atque
965 2546 1131 2608 condoneS.
1155 2546 1252 2620 Vale,

283 2565 382 2685 deme
403 2641 437 2685 ut
460 2627 592 2686 Fratrem
615 2624 811 2686 chariffimum
832 2625 942 2705 dilige,
961 2646 1051 2706 quem
1073 2648 1132 2708 ego
1154 2642 1250 2689 contra

283 2702 384 2763 eodem
406 2703 494 2764 modo
516 2703 599 2763 valde
622 2725 705 2764 amo.

301 2834 304 2840 .
324 2781 442 2853 Vides,
470 2781 575 2842 Leoor
600 2783 738 2861 optime,
767 2784 838 2844 novi
866 2782 949 2853 hujus
979 2784 1119 2847 Censoris
1143 2805 1249 2851 novum

281 2858 488 2921 reconciliandi
510 2860 630 2935 ritum,
661 2862 712 2942 qui
743 2883 810 2922 cum
832 2863 861 2922 in
885 2884 990 2924 nornen
1014 2886 1117 2928 meum
1141 2868 1249 2949 publice

280 2938 370 3001 suerit
389 2939 605 3017 debacchatur,
627 2962 685 3002 non
708 2958 823 3002 veretur
840 2940 910 3002 salso
931 2943 1077 3020 scribere,
1099 2968 1150 3009 me
1167 2948 1203 3009 de
1219 2966 1248 3007 eo

278 3018 398 3099 pessime
420 3020 582 3093 locurum,
614 3043 672 3081 non
695 3020 891 3082 honestissime
912 3023 1057 3102 scripsisse.
1090 3028 1148 3089 Sed
1169 3045 1247 3091 narra

279 3100 380 3174 mihi,
411 3101 532 3183 quaeso,
562 3101 663 3162 Frater
683 3100 870 3176 charissime,
899 3123 996 3163 coram
1025 3106 1135 3185 quibus
1166 3108 1202 3168 de
1222 3121 1245 3167 te

278 3178 356 3239 male
378 3180 491 3241 locutus
507 3179 626 3242 fuerim.
648 3180 682 3241 Id
704 3183 782 3240 enim
799 3179 902 3241 salsum
920 3182 976 3257 est,
993 3204 1062 3244 cum
1082 3204 1243 3268 numquam

278 3256 315 3315 de
337 3272 366 3316 te
388 3257 465 3318 male
483 3279 519 3319 co
542 3260 690 3319 iraverim.
713 3259 926 3321 Commentiria
946 3261 1013 3322 sunt
1034 3264 1117 3340 ista,
1142 3267 1180 3327 ab
1196 3268 1245 3326 im·

277 3335 438 3413 postotibus
455 3379 464 3410 ,
484 3281 539 3397 ves
553 3339 602 3397 abs
625 3354 652 3397 te
672 3337 812 3399 conflua.
834 3338 902 3418 Ego
925 3339 978 3400 tibi
1002 3344 1152 3423 Gypsmm
1170 3391 1179 3421 ,
1200 3341 1247 3406 Sass

275 3414 437 3488 raechum,
468 3416 580 3476 Lilium
608 3417 812 3497 Gregorium‚
842 3419 1059 3503 Herculemque
1092 3426 1241 3487 Prinatum

275 3495 520 3553 commemoravi.
550 3495 628 3554 Idem
651 3513 683 3556 ut
705 3516 774 3576 erga
795 3517 840 3557 me
860 3496 974 3572 faciae,
1004 3519 1090 3581 pero.
1113 3506 1240 3574 Subdis3

273 3593 320 3633 me
342 3573 377 3633 de
399 3588 427 3633 te
448 3594 506 3633 non
530 3574 718 3633 honestissime
742 3574 886 3655 seripfilse.
912 3579 1008 3639 Proser
1028 3583 1060 3641 in
1084 3586 1238 3656 medium,

273 3673 336 3733 quae
358 3652 450 3734 scripsi
469 3674 477 3721 3
500 3650 565 3711 sunt
586 3655 662 3711 enim
684 3674 770 3731 penes
792 3672 836 3713 te.
860 3654 994 3718 Efficiam
1017 3662 1181 3739 proseClO,
1209 3678 1239 3722 ut

271 3752 373 3791 omnes
402 3732 597 3810 intelligant,
626 3752 688 3812 quae
718 3733 747 3791 in
779 3753 825 3791 me
849 3733 1032 3798 innocentem
1057 3742 1238 3813 evomuisti,

270 3811 372 3875 sinon
400 3831 419 3874 a
439 3809 617 3886 malevoliS,
645 3810 694 3870 abs
717 3828 744 3870 te
766 3810 890 3872 conficio
911 3813 1015 3892 suiss'e,
1046 3837 1080 3879 ur
1104 3838 1134 3882 te
1157 3844 1175 3882 a
1196 3839 1235 3879 me
1297 3873 1299 3882 .

1136 3920 1203 3982 sto·
