3034 4559
505 443 914 526 vastiorem.
1085 470 1139 532 173

224 521 279 590 ieri
304 522 414 607 poterit
438 568 447 598 ,
472 542 506 588 ut
530 547 564 586 ex
590 528 661 587 meis
686 527 791 588 latibus
815 530 973 591 vestrarum
1000 529 1180 610 Disputatio·

222 627 320 680 oum,
349 605 398 666 cui
420 623 476 685 ego
500 625 616 687 quoque
642 607 824 682 interessem,
856 608 935 689 quasl
959 610 1075 670 initium
1106 612 1182 673 sum·

220 685 363 777 pfiisetis.
393 683 448 744 His
471 686 568 763 paucis
590 686 644 746 hoc
664 687 751 747 modo
777 687 898 748 vicissim
924 689 1069 767 peractis,
1092 707 1180 773 atque

220 786 277 838 Jam
304 761 441 826 omnibus
468 764 655 837 tacentibus,
683 783 746 825 tum
773 766 950 830 Sebastianus
980 765 1127 843 sentiens,
1151 769 1178 830 se

192 879 194 883 ·
221 844 366 928 expediari
392 886 401 916 ,
429 857 461 904 ut
487 845 653 923 promissum
685 847 859 922 praestaret,
897 847 931 908 sic
968 848 1080 908 exorsus
1116 849 1180 910 est.

219 927 337 987 Natura
358 939 559 1001 comparatum
581 924 632 984 eise
654 923 795 1000 videtur,
817 943 866 1000 ut,
886 946 949 1009 quae
971 927 1002 987 in
1024 926 1105 988 rebus
1127 928 1179 988 hu-

219 1004 315 1066 manis
363 1002 461 1062 minus
485 1004 602 1084 egregia
627 1002 818 1080 habeantur,
851 1026 885 1067 ea
912 1005 1014 1087 passim
1043 1006 1179 1068 omnibus

219 1081 390 1147 hominibus
412 1080 517 1156 obvia,
540 1100 628 1163 atque
648 1104 738 1164 quam
758 1083 907 1148 notiiirma
921 1103 1072 1148 occurrant
1090 1108 1098 1155 ς
1115 1104 1179 1165 qua

218 1183 287 1226 vero
312 1158 491 1226 nobilissima
516 1205 525 1235 ,
557 1181 620 1244 quae
644 1182 677 1221 ue
703 1163 853 1225 hominem
878 1165 914 1226 ab
930 1164 1057 1240 ¹homine
1080 1165 1179 1226 distin·

236 1257 340 1316 uunt,
365 1259 399 1306 ea
424 1239 465 1308 in‘.
479 1241 566 1322 longe
589 1261 606 1301 a
645 1242 719 1315 itis,
744 1260 831 1323 atque
847 1243 973 1309 abstrusis
991 1245 1062 1306 locis
1080 1265 1178 1306 tecon·

252 1339 344 1392 ntum
366 1336 399 1382 ut
420 1320 451 1379 in
477 1319 627 1382 herbarum
645 1365 653 1393 ,
678 1320 835 1400 lapidum,
865 1323 1075 1398 metallorum,
1096 1340 1177 1385 cate-

216 1419 373 1481 rarumque
402 1419 497 1460 tetum
518 1399 626 1460 virtute
655 1396 739 1460 facile
768 1403 919 1472 cernitur3
947 1421 1072 1484 quarum
1093 1403 1178 1483 quic·

218 1476 438 1562 quid'nobilius
453 1478 509 1552 est,
531 1477 560 1542 id
581 1494 633 1540 aut
649 1499 743 1539 rarum
762 1482 880 1559 genuit,
899 1498 949 1542 aut
965 1478 1002 1541 ab
1022 1480 1177 1544 hominum

220 1577 252 1621 co
275 1558 391 1620 nirione
411 1557 527 1638 longius
547 1558 678 1619 amovit.
701 1561 769 1631 Qua
792 1561 973 1634 rationein,
996 1575 1029 1621 ut
1050 1561 1109 1629 eius
1130 1559 1178 1622 be·

218 1579 341 1711 iricio,
363 1636 519 1718 atque-usu
538 1637 685 1698 difficilius
704 1655 834 1699 utamur.
858 1639 893 1702 ld
908 1639 986 1722 quod
1004 1635 1100 1702 multo
1115 1660 1181 1700 ma·

218 1720 261 1801 gis
285 1719 317 1780 in
340 1716 376 1776 iis
399 1716 583 1797 bonis,·qua
604 1717 696 1784 animi
717 1716 794 1779 bona
815 1718 963 1796 dicimus,
992 1717 1180 1800 deprehendi,

216 1814 280 1873 tur,
297 1815 359 1938 pue
373 1815 433 1878 quo
449 1795 645 1876 praestantiora
662 1795 745 1871 sunt,
767 1819 801 1859 eo
818 1800 907 1860 etiam
923 1816 1092 1880 comparatu
1110 1799 1180 1880 suut¹²

217 1874 305 1938 diffie·
321 1875 402 1944 iota3
425 1891 458 1936 ut
479 1876 509 1936 in
530 1874 664 1936 omnibus
686 1876 844 1940 virtutibus
864 1877 1092 1960 comprobatur,
1114 1878 1177 1969 qui-

217 1954 267 2018 bus
289 1954 343 2039 qui
373 1953 482 2035 ptaediti
512 1952 643 2029 suerint,
672 1956 756 2035 pauci
785 1958 940 2019 admodum
969 1953 1035 2021 sunt
1056 1976 1177 2038 teperti.

217 2033 301 2098 Idem
326 2035 357 2096 in
379 2053 474 2096 terum
494 2035 688 2114 cognitione,
715 2052 804 2117 atque
826 2037 946 2098 occultis
968 2058 1066 2099 earum
1089 2036 1177 2098 scien-

217 2113 349 2190 tiis-,fieti
370 2112 527 2188 videmus,
550 2114 581 2173 in
602 2112 706 2195 quibus
727 2113 929 2195 comparandis
952 2113 1096 2178 summum
1120 2115 1179 2188 stur,

216 2195 317 2268 diurn,
338 2209 425 2334 arrpue
445 2192 598 2256 diuturnus
620 2192 684 2253 usus
707 2212 831 2273 peropus
851 2195 907 2270 est,
928 2215 995 2272 cum
1016 2215 1109 2275 neque
1132 2212 1178 2258 ca-

215 2295 281 2336 men
303 2274 336 2338 in
357 2273 378 2334 il
393 2274 416 2334 is
437 2271 559 2354 perfecie
581 2270 773 2352 proficiatur.
804 2274 840 2344 ln
883 2291 985 2335 uarum
1008 2271 1175 2351 praestantis·

215 2355 353 2416 finarum
374 2371 468 2413 rerum
491 2370 614 2413 numero
633 2371 706 2412 cum¹
717 2372 808 2412 unum
828 2350 843 2424 J
848 2295 975 2414 odicium
997 2350 1109 2414 homini
1125 2353 1174 2414 da·

213 2453 277 2496 turn
301 2433 352 2506 sit,
375 2430 422 2506 si,
443 2447 494 2493 aut
514 2429 585 2511 quid
607 2430 635 2492 id
658 2430 708 2505 iit,
730 2452 790 2492 non
812 2429 896 2494 facile
914 2432 1020 2503 scitur;
1040 2447 1090 2492 aut
1112 2452 1173 2495 non

214 2516 278 2586 eicis·
295 2509 418 2593 quisque
434 2512 468 2572 stt
488 2529 626 2590 compos3
648 2510 722 2571 nihil
738 2511 900 2574 admodum
911 2511 1049 2593 cuiquam
1064 2510 1173 2572 mirum

213 2593 304 2655 videti
328 2590 445 2663 debeat,
467 2606 554 2670 atque
576 2609 610 2650 eo
632 2592 747 2664 minus,
767 2612 827 2671 quo
843 2591 914 2652 illud
935 2591 1044 2653 caeteris
1060 2590 1171 2670 ingenii

211 2671 343 2753 partibus
366 2670 452 2748 longe
474 2671 601 2750 prestare
616 2669 748 2739 constat;
767 2670 830 2732 utsr
850 2689 903 2736 nos
923 2691 1052 2753 quoque,
1068 2671 1119 2752 qui
1134 2669 1170 2732 de

210 2773 243 2814 eo
265 2750 354 2812 hodie
374 2748 478 2810 diduri
500 2749 615 2822 sumus,
636 2749 682 2821 id,
704 2749 784 2831 quod
807 2771 963 2828 conamur,
978 2755 1080 2812 minus
1103 2748 1171 2834 ass'e·

210 2849 360 2913 quemue,
390 2849 449 2890 non
472 2845 532 2890 tam
553 2828 711 2892 damnandi
732 2829 841 2904 simus,
865 2897 869 2904 ,
894 2832 950 2894 uod
974 2852 1033 2892 rem
1057 2848 1173 2891 tantam

209 2908 383 2991 pertrastare
405 2907 489 2984 ausi,
515 2926 604 2988 quam
626 2905 736 2970 sortasse
766 2850 927 2985 laudandi,
955 2911 1034 3002 quod
1056 2907 1169 2971 tantam

208 2988 431 3061 difficultatem,
452 3002 484 3048 ut
504 2987 587 3049 vobis
609 2986 847 3067 obsequeremur,
867 2988 941 3050 nihil
963 2995 1047 3049 irmus
1065 2989 1168 3050 veriti.

207 3069 262 3132 Sed
284 3066 500 3139 cumrtiafint,
524 3065 698 3139 Prudentia,
721 3066 899 3139 Confilium,
919 3067 1081 3140 Judicium,
1101 3086 1167 3148 quae

211 3149 255 3211 ita
276 3149 356 3208 inter
372 3143 400 3206 se
416 3145 481 3206 sunt
497 3142 613 3219 affinia,
636 3161 668 3205 ut
690 3144 770 3206 aliud
789 3163 841 3224 pro
858 3143 916 3207 alio
938 3133 1036 3226 sapius
1058 3145 1171 3222 usurpe-

209 3246 274 3302 tur,
295 3226 335 3301 st,
356 3243 420 3306 quae
441 3224 565 3286 duorum
588 3224 710 3298 aliorum
730 3224 901 3296 communia
923 3223 1012 3298 sunt,
1032 3245 1099 3288 cum
1119 3225 1169 3296 Ju-

208 3307 314 3380 dicio,
336 3302 348 3384 [
371 3302 449 3394 quod
472 3324 532 3366 non
554 3302 638 3363 semel
660 3300 824 3362 faciendum
840 3302 880 3363 est
900 3297 912 3385 ]
936 3305 1177 3378 communicare,-

206 3385 284 3448 nulii
307 3382 383 3446 mihi
404 3383 478 3446 vitio
500 3383 575 3444 verti
597 3381 726 3442 debebit.
748 3380 816 3461 Ego
836 3382 926 3463 igitur
948 3384 1004 3447 hoc
1023 3384 1169 3457 Iudicium

207 3464 219 3546 [
243 3481 277 3526 ut
300 3463 362 3534 jam
384 3481 443 3523 rem
465 3458 644 3543 aggrediar]
674 3481 709 3521 ex
739 3480 835 3520 rerum
855 3465 1051 3544 cognitione,
1078 3481 1167 3545 atque

205 3563 308 3606 earum
339 3540 391 3603 usu
419 3539 496 3604 nasci
515 3540 604 3612 dic03
632 3538 710 3621 quod
738 3538 834 3601 statim
864 3563 899 3604 ex
918 3544 978 3613 ejus
997 3543 1174 3618 definitione,

205 3620 430 3703 comprobatur.
454 3619 502 3680 Ita
522 3621 600 3679 enim
621 3619 785 3691 definitur,
805 3638 838 3682 ut
858 3621 1004 3692 Judicium
1024 3623 1058 3683 fir
1078 3641 1169 3699 agen·

204 3703 337 3774 darum,
367 3698 683 3777 &cognoscendarum
713 3717 808 3758 tetum
839 3700 875 3762 ad
896 3701 979 3763 suum
1000 3701 1110 3762 redium
1133 3698 1167 3762 fi-

202 3802 272 3848 nem
294 3776 513 3862 praevidendum
534 3778 664 3841 absoluta
680 3776 836 3859 cogniti03
865 3779 996 3860 adcuius
1021 3781 1165 3843 rationem

1073 3858 1125 3938 qui
