3034 4559
381 465 446 525 DE
465 460 710 523 CONSILIO
731 464 1011 525 PRINCIPIS.
1085 482 1142 544 149

225 543 339 605 modum
362 542 568 603 elaborandum
592 543 652 603 srt.
682 545 762 604 Nam
780 563 843 626 quae
865 544 1037 627 sequuntur,
1059 545 1124 607 sunt
1145 551 1181 609 ed

241 624 336 684 uidem
358 621 395 683 ad
416 642 477 681 rem
498 622 690 702 pertinentia,
712 622 756 682 sed
778 644 837 684 non
858 623 888 683 in
905 619 1065 705 quibus'rei
1083 626 1177 687 totius

170 705 171 712 ’
221 644 329 763 demina
348 701 490 763 versetur.
512 700 600 771 Cujas
622 702 712 781 igitur
734 701 788 762 elle
810 701 936 777 debeat,
966 724 1054 786 quem
1076 704 1177 765 Consi⁴

220 780 333 844 latium
354 780 571 861 delegerimus,
602 802 639 842 an
660 802 747 862 quem
770 782 851 843 nobis
874 782 998 859 nostra,
1025 805 1062 845 an
1084 802 1173 864 quem
1212 819 1216 842 .

219 861 310 921 aliena
330 860 445 921 Civitas
467 861 590 933 tulerit,
620 860 776 923 videndum
798 862 848 922 elle
870 860 1014 924 arbitror.
1038 868 1079 923 Ac
1095 881 1178 952 'quo-
1254 893 1256 897 >
1299 869 1301 873 ’

219 940 293 1002 niam
317 941 349 1002 in
372 956 495 1020 utroque
517 940 611 1018 plures
634 940 738 1001 dantur
759 941 890 1021 gradus,
919 962 1006 1032 quom
1029 942 1102 1003 mihi
1124 960 1177 1001 naa

220 1035 279 1081 rura
299 1019 466 1101 propiorem
486 1018 614 1094 dederit,
636 1020 655 1080 ss
675 1038 774 1081 caetera
797 1020 851 1083 sint
872 1041 969 1101 pana,
991 1036 1126 1084 naturam
1144 1020 1178 1081 in

219 1098 370 1181 deligendo
391 1098 493 1179 magis·
506 1097 605 1189 sequar
626 1100 765 1161 omnino.
787 1099 887 1162 Minus
909 1102 987 1162 enim
1008 1100 1105 1164 caullae
1126 1098 1180 1159 ha-

219 1176 278 1253 bet,
299 1198 390 1261 quem
411 1198 446 1238 ex
466 1177 569 1238 nollrrs
589 1177 805 1259 delegerimus,
825 1180 1015 1262 quamobrem
1036 1200 1089 1242 nos
1111 1198 1179 1259 pro·
1215 1207 1216 1210 ¹

218 1258 279 1333 dat,
300 1277 499 1339 quamquem
523 1257 652 1319 alienum
674 1258 875 1321 asciverimus.
898 1260 991 1322 Nobis
1013 1261 1177 1321 enimcum

219 1335 269 1398 hoc
287 1337 385 1415 Patrie
401 1337 526 1398 charitas
543 1338 712 1412 intercedit,
732 1338 812 1407 cujus
829 1339 876 1400 vis
890 1356 1001 1420 quanta
1016 1340 1068 1412 stt,
1084 1357 1178 1418 quan-

221 1430 280 1477 tum
303 1436 341 1477 ue
362 1417 413 1497 qui
436 1416 537 1479 eodem
557 1418 588 1477 in
609 1417 674 1478 loco
697 1419 754 1479 orri
778 1418 859 1492 sint,
888 1433 992 1479 natura
1013 1431 1110 1478 ament
1130 1415 1177 1475 in-

219 1510 256 1558 ter
275 1436 320 1570 ἃ,
341 1496 446 1576 longus
468 1516 540 1572 ero,
561 1496 581 1556 fi
602 1517 687 1557 coner
707 1497 872 1575 explicare.
905 1496 984 1560 Huic
1004 1510 1178 1577 parentum,

217 1572 359 1650 filiorum,
379 1575 610 1656 propinquorum
638 1575 773 1645 adiundla
794 1576 833 1638 est
853 1575 943 1656 pietas
964 1620 972 1649 ,
1015 1574 1116 1648 uibus,
1136 1590 1174 1633 ne

218 1652 263 1715 sua
282 1654 344 1715 ulla
367 1654 453 1734 culpa
473 1655 591 1735 gravius
613 1655 817 1731 affirmentur,
839 1654 976 1747 aquibus
1047 1655 1075 1716 di
1100 1653 1175 1713 nita·

219 1734 252 1794 tis
270 1734 378 1815 gradus
407 1754 529 1808 omnes,
561 1735 592 1797 δι
619 1735 776 1798 commoda
802 1735 977 1816 amphllima
1004 1675 1174 1816 expedient,

219 1832 389 1895 magnopere
409 1814 570 1876 cavendum
593 1818 655 1879 est.
686 1816 768 1878 Bona
787 1814 914 1890 deinde,
942 1814 1063 1877 fortunae
1080 1859 1089 1888 ‚
1109 1828 1175 1896 qua

221 1892 363 1960 interdum
421 1893 480 1953 'rie
500 1894 566 1974 ipsae
587 1916 659 1975 pene
683 1895 748 1956 satis
770 1894 875 1957 habent
892 1896 1018 1957 inimicae
1036 1893 1172 1974 suspicio·

218 1972 257 2033 nis·
278 1974 315 2035 ad
337 1993 374 2035 au
387 1972 540 2038 erendum.
562 1974 632 2035 Suos
650 1996 719 2036 veto
741 1975 876 2056 prodere,
898 1976 934 2036 ad
952 1976 1059 2036 alienos
1079 1990 1173 2033 trans-

218 2048 325 2133 fugere,
347 2051 474 2114 monssro
497 2053 589 2135 magis
612 2053 651 2114 est
671 2055 779 2130 fimile,
799 2057 891 2136 quam*
904 2054 1035 2127 homini,
1058 2053 1109 2133 qui
1126 2051 1172 2111 ul-

218 2128 265 2193 lius
286 2131 320 2194 fit
342 2148 394 2194 aut
415 2132 544 2207 consilii,
566 2150 618 2195 aut
634 2134 752 2196 rationis
774 2135 931 2215 particeps.
952 2132 1050 2195 Nostri
1067 2131 1172 2210 postre-

217 2228 259 2273 mo
274 2232 343 2274 cum
359 2212 454 2275 nostra
463 2212 568 2274 melius
578 2230 703 2283 norunt3
725 2231 789 2275 rum
799 2235 833 2273 eo
841 2234 957 2352 (proque
981 2212 1100 2271 nomine
1115 2208 1171 2270 illa.

218 2290 345 2354 chariora·
361 2291 465 2353 habere
487 2294 603 2366 solent,
633 2294 712 2373 quod
741 2313 808 2354 cum
837 2293 896 2352 ilis
921 2293 969 2351 sua
990 2290 1078 2349 etiam
1101 2308 1173 2351 con·

220 2368 309 2437 lunfla
330 2372 451 2434 videant
471 2371 649 2433 commoda.
673 2372 709 2431 In
731 2373 786 2433 hoc
807 2372 896 2432 etiam
916 2369 1023 2431 cacteris
1048 2368 1172 2431 Civibus

170 2477 172 2482 >
220 2448 269 2528 spes
291 2448 428 2514 afferetur
448 2471 507 2511 non
530 2451 628 2525 levis,
658 2453 732 2530 polle
762 2472 810 2511 eos
839 2469 955 2532 qnoque
983 2448 1104 2510 adeum
1128 2450 1172 2511 di-

169 2573 171 2584 <
235 2531 333 2592 nitatis
354 2530 478 2612 gradum
499 2531 637 2611 aspirare,
659 2530 679 2591 st
700 2551 765 2591 eam
786 2550 903 2612 operam
923 2528 1050 2603 dabunt,
1071 2543 1104 2589 ut
1126 2546 1171 2592 ta-

170 2647 171 2690 3
219 2548 251 2671 ie
292 2610 455 2684 robentur,
488 2611 588 2691 quales
609 2610 669 2680 jam
688 2610 812 2671 deledlos
833 2611 883 2671 elle
904 2609 1048 2679 videant3
1077 2630 1172 2692 neque

218 2705 250 2768 qu
289 2710 338 2750 arn
356 2690 401 2751 illi
417 2690 504 2751 modo
522 2690 767 2772 indignabuntur,
784 2689 963 2770 molesteque¹
975 2686 1084 2763 ferent,
1100 2710 1171 2753 cum

220 2769 338 2831 ¹viderint
359 2770 410 2831 srbi
432 2769 542 2831 alienos
564 2771 596 2831 in
617 2770 690 2846 fide,
711 2787 739 2830 ar
764 2792 798 2833 ue
821 2772 852 2832 in
874 2768 991 2831 consilio
1012 2769 1098 2850 longe
1119 2792 1173 2831 an-

219 2846 334 2920 teferri5
363 2870 422 2931 qua
439 2869 502 2923 ,una
525 2851 661 2929 opinione
684 2792 762 2912 nihii
779 2852 810 2912 in
831 2850 952 2913 Civium
974 2850 1087 2909 animos
1107 2870 1172 2929 per-

217 2928 367 3003 uiciofius,
396 2928 471 2989 nibil
494 2932 587 3010 magis
608 2930 740 2991 odiosum
770 2929 851 2990 illabi
872 2928 990 3009 potest.
1022 2929 1171 2991 Numerus

217 3024 306 3069 eutem
328 3008 379 3069 etsi
400 3010 495 3070 nullus
516 3026 593 3069 certe
612 3009 788 3088 prefinitur,
838 3008 954 3068 uoniam
984 3007 1008 3066 is
1030 3006 1067 3066 ad
1088 3008 1171 3067 Prin-

217 3086 281 3167 cipis
304 3089 449 3149 rationem
470 3088 597 3149 maxime
609 3030 869 3149 accommodandus
890 3087 948 3156 est3
969 3086 989 3145 st
1011 3085 1104 3165 plures
1126 3103 1170 3147 ta-

215 3182 275 3229 men
294 3167 488 3230 adhibeantur
508 3168 671 3228 Confiliarii
692 3211 701 3240 ,
729 3167 800 3228 solet
822 3167 852 3225 id
872 3164 981 3225 consalii
1002 3164 1102 3225 multis
1123 3185 1170 3226 ra-

216 3245 336 3309 tionibus
360 3248 454 3308 maois
476 3247 606 3328 probati.
628 3247 779 3307 Continuo
795 3245 874 3306 enim
894 3266 954 3327 quo
969 3245 1064 3326 plures
1082 3243 1170 3319 sunt,

216 3327 260 3403 qui
280 3328 312 3389 in
334 3294 486 3389 confilium
507 3326 699 3400 adhibentur,
721 3347 756 3385 eo
778 3326 870 3386 etiam
891 3324 1098 3387 &consultius
1120 3326 1169 3385 de-

217 3407 359 3469 cernitur.
389 3408 462 3481 Quis
492 3406 570 3469 enim
593 3426 653 3467 non
675 3404 779 3480 videt,
809 3405 858 3466 ubi
887 3405 975 3468 multi
996 3405 1173 3466 sententiam.

217 3482 334 3561 dicant,
354 3486 496 3567 planius,
517 3484 588 3576 quid
608 3486 642 3547 srt
663 3506 764 3547 verum
785 3529 794 3560 ,
821 3484 978 3568 indagari,
1007 3505 1096 3567 quam
1117 3484 1168 3546 ubi

215 3578 367 3638 paucorum
388 3566 423 3627 srt
444 3564 613 3635 judicium?
643 3582 676 3627 ut
698 3585 765 3627 vere
793 3564 917 3641 dicant,
946 3586 1044 3626 omnes
1066 3565 1168 3627 omnia

216 3640 297 3720 scire,
317 3647 464 3727 pauciores
485 3665 576 3725 pauca
596 3645 724 3707 noscere.
746 3646 827 3706 Nam
848 3646 927 3728 quod
948 3666 1037 3706 unum
1059 3642 1167 3721 fugerit

216 3714 309 3795 [cum
331 3725 502 3806 plerumque
522 3726 555 3784 in
577 3745 606 3785 re
635 3724 797 3804 perdifficili
824 3724 993 3786 versandum
1020 3724 1053 3782 fit
1076 3720 1088 3801 ]
1109 3720 1171 3781 for-r

214 3802 272 3865 lesse
293 3804 418 3869 alterum
440 3803 620 3885 preteribit,
640 3820 716 3866 certe
735 3803 829 3961 plump
851 3804 970 3866 minime
992 3800 1165 3942 fallethLCAd
