3034 4559
463 429 597 494 ’””’Ῐ,
635 419 654 491 l
689 433 781 494 Η
818 432 1013 495 e··1r:··=
1145 443 1189 516 37

268 508 327 574 iiic
359 528 461 576 tamen
483 512 617 596 quadam
639 511 719 574 addit
746 512 831 589 alia,
860 532 924 595 qua
944 511 1022 575 mnis
1047 520 1155 579 barura
1183 514 1229 578 illi

270 593 423 655 commode
442 592 549 664 dabat3
571 608 604 654 ur
625 592 693 654 illa:

345 678 443 753 Atque
461 673 548 733 avido
567 670 712 754 appetebat
731 692 790 743 υνυς

265 783 269 791 ’
346 750 458 813 Eretlis.
474 752 552 812 modo
571 751 710 828 cruribus,
731 749 862 833 bipesque

264 878 267 883 .
349 830 459 909 Mensa
477 829 585 909 aflabae
605 828 702 907 derisi,
722 828 835 911 heroque
854 829 890 892 ab
911 831 969 913 ipso
1031 881 1060 894 ..

346 914 470 973 Latratu
492 928 578 970 teneto
599 909 690 972 cibum
705 909 832 992 petebat.

263 990 357 1067 Quod
379 1006 480 1053 tamen
502 989 602 1072 aliqua
621 1012 656 1052 ex
677 1007 757 1071 parte
771 1012 814 1053 ,ex
863 992 940 1053 timo
961 988 1034 1054 item
1055 990 1169 1056 Catulli
1188 990 1229 1052 E·

269 1073 464 1211 pigrammate
484 1069 608 1151 perbelle
628 1071 776 1152 sumptum
795 1071 889 1134 vieti
917 1070 1034 1152 potest.
1060 1076 1103 1136 At
1124 1074 1228 1136 Fraca·

264 1179 267 1186 ·
292 1152 370 1213 orius
392 1152 430 1213 stc
450 1151 528 1212 hanc
548 1150 685 1212 imitandi
706 1152 850 1213 rationem
870 1151 903 1213 in
923 1149 974 1212 suo
993 1152 1117 1232 Syphilo
1136 1150 1229 1215 obser·.

271 1232 372 1304 vavit,
393 1247 429 1292 ut
451 1250 486 1291 ex
506 1230 609 1291 multis
631 1230 752 1309 Virgilii
775 1229 950 1311 imaginibus
969 1245 1065 1294 totam
1079 1252 1150 1323 pene
1172 1247 1230 1297 ter·

270 1311 299 1372 tii
322 1309 394 1372 libri
415 1311 508 1391 operis
530 1308 573 1370 sui
594 1309 754 1372 Historiam
774 1327 912 1392 perpetuo
929 1327 1125 1374 contexuerit.
1145 1313 1230 1373 Nam

271 1409 333 1452 cum
358 1390 409 1451 hic
439 1389 556 1451 tandem
584 1389 719 1468 Hispana
747 1390 840 1453 classis
860 1388 1011 1469 appulsum
1029 1390 1067 1451 ad
1083 1408 1230 1453 novarum

265 1470 413 1533 Gentium
428 1469 498 1530 litus
513 1468 696 1543 describeret,
720 1485 814 1531 totam
836 1469 917 1529 illam
953 1483 1062 1543 artem,
1074 1488 1146 1551 quar
1162 1468 1229 1549 qui·

270 1548 331 1611 dem
353 1548 428 1609 bene
449 1548 538 1631 longa
559 1549 623 1625 est,
645 1569 681 1609 ex
696 1550 818 1612 diversis
840 1549 898 1610 Vir
917 1488 961 1607 ilii
984 1546 1055 1608 locis
1076 1546 1229 1610 adumbra-

272 1630 340 1691 vit.
374 1630 484 1704 Nam,
504 1641 537 1689 ut
558 1629 696 1690 omittam
718 1628 847 1691 fluminis
869 1568 1000 1701 osium,
1030 1648 1090 1710 quo
1117 1626 1230 1692 classem

269 1708 411 1790 appulit,
437 1724 472 1769 ut
491 1708 585 1769 amnis
605 1710 681 1788 ripas
701 1708 837 1771 arborum
865 1707 1060 1783 amenitate,
1088 1722 1176 1790 atque
1198 1728 1230 1769 a·

267 1790 349 1850 vium
370 1804 462 1849 cantu
483 1788 567 1849 vario
588 1787 741 1870 descriptas
771 1787 847 1850 nihil
868 1785 1051 1862 recenseam,
1071 1787 1230 1864 Cererem,

268 1866 404 1930 liberum
426 1888 462 1929 ue
485 1867 516 1928 in
537 1868 813 1948 ripaexpolitum,
841 1868 920 1931 viros
937 1866 1048 1929 telluris
1065 1867 1142 1930 mito
1158 1866 1227 1932 desi·

269 1945 344 2009 derio
364 1888 468 2029 passim
489 1966 539 2029 per
559 1946 679 2009 herbam
698 1947 824 2023 stratos,
845 1968 923 2010 novo
945 1947 1030 2022 solo,
1052 1963 1140 2029 atque
1161 1967 1229 2009 exo·

270 2043 348 2105 prato
370 2027 469 2089 latam
486 2070 495 2103 ,
515 2042 603 2108 atque
622 2047 657 2088 ex
678 2029 779 2089 animo
800 2026 1005 2091 salutationem
1027 2046 1107 2109 aeque
1127 2042 1229 2108 prate·

271 2124 368 2182 team,
398 2126 463 2189 quae
491 2107 592 2169 omnia
620 2128 639 2167 a
666 2108 790 2169 Marone
819 2106 977 2170 felicissime
1006 2105 1122 2187 sumpta
1142 2106 1229 2176 sonte

272 2183 341 2261 hec,
363 2187 506 2268 inquam,
527 2202 559 2248 ut
580 2188 718 2249 omittam
739 2184 752 2265 [
782 2187 899 2247 uoniam
911 2187 1010 2266 suapte
1030 2203 1126 2247 rerum
1142 2200 1229 2246 natu·

270 2285 298 2327 ra
313 2266 422 2356 utique
442 2264 525 2327 sacile
545 2286 692 2327 occurrere
712 2207 853 2345 possunt]
876 2285 909 2326 ac
929 2265 999 2338 illa,
1041 2283 1083 2324 ua
1099 2263 1164 2324 sunt
1182 2264 1229 2324 in·

270 2346 381 2408 terroris
405 2346 581 2407 imitationis
598 2362 713 2407 tantum
731 2364 983 2417 commemorem,
1041 2360 1092 2402 aro
1105 2341 1227 2411 AEneam
1313 2400 1316 2405 .

273 2426 337 2486 navi
357 2424 554 2505 egredientem
577 2445 670 2499 arcu,
698 2422 860 2503 &sagittis
882 2437 1001 2494 armat,
1032 2436 1172 2483 venatum
1194 2421 1229 2488 in

273 2500 380 2583 sylvam
402 2504 498 2580 ducit,
519 2504 613 2585 prada
634 2504 743 2584 septem
763 2522 916 2566 cervorum
936 2499 1119 2565 cohonellat.
1139 2501 1230 2564 Hano

272 2580 430 2667 imaginem
452 2584 570 2666 sequens
599 2584 817 2659 Fracaslorius,
845 2584 1035 2655 Iuventutem
1062 2580 1228 2662 Hispanam

273 2664 336 2725 navi
365 2663 505 2745 egressam
534 2661 666 2727 describit
695 2664 726 2726 in
745 2664 861 2744 sylvam
880 2684 915 2726 eo
934 2681 1045 2745 genere.
1058 2680 1226 2739 armorum,

272 2743 344 2821 quod
368 2744 462 2824 vulgo
476 2746 598 2824 scopetur
617 2760 742 2819 vocant,
765 2759 925 2814 armatam3
947 2740 1071 2824 predam
1086 2740 1161 2806 huic
1183 2738 1229 2803 sa«

272 2821 306 2906 tit
324 2843 362 2883 ex
384 2823 421 2883 iis
442 2822 568 2897 avibus,
596 2844 720 2906 quarum
747 2820 929 2907 frequentem
956 2822 1072 2903 copiam
1092 2821 1126 2884 in
1144 2819 1230 2904 sylva

272 2898 317 2961 illa
344 2902 425 2992 prius
454 2905 626 2983 pervolitare
653 2903 884 2967 demonstrarat:
914 2922 978 2985 qua
1000 2900 1118 2983 quidem
1138 2920 1227 2977 aves,-

273 2998 409 3060 quonram
430 2982 563 3063 Apollini
585 2984 666 3044 sactae
688 2998 793 3059 erant,
821 2983 857 3046 ad
878 2984 1064 3063 Harpyarum
1087 2980 1229 3044 imitatio-

273 3077 335 3142 nem
355 3077 497 3143 perpetuo
517 3062 568 3124 silo
588 3061 737 3124 bellisfime
760 3064 884 3125 transit:
913 3082 973 3144 quo
1002 3059 1033 3120 in
1052 3058 1117 3119 loco
1136 3077 1228 3122 unam

272 3140 368 3203 avium
400 3162 437 3202 er
466 3142 603 3204 altiffimo
634 3140 768 3204 arborum
798 3142 905 3205 vertice
934 3140 1027 3203 Genti
1055 3136 1101 3198 illi
1131 3137 1229 3203 multa

272 3216 412 3295 horrenda
439 3222 566 3283 cecinisse
595 3221 733 3285 inducit:
763 3242 797 3284 ac
824 3221 948 3303 denique
976 3218 1138 3281 mensarum
1159 3217 1230 3284 loco

272 3296 419 3362 horrendis
458 3302 593 3364 morfibus
630 3301 776 3363 adesarum
815 3302 941 3364 Gentem
970 3299 1054 3361 illam
1081 3297 1227 3379 pestilenti

273 3380 370 3442 morbo
393 3380 533 3457 adesam,
561 3403 580 3443 a
601 3381 651 3444 sua
671 3380 753 3459 sylva
773 3380 916 3443 auxilium
938 3380 1099 3463 petituram
1117 3377 1227 3460 gravis-

273 3457 336 3523 sime
368 3463 549 3523 comminata
577 3462 641 3523 est:
670 3461 706 3522 ad
733 3461 813 3531 cujus
844 3480 946 3524 vocem
975 3479 1080 3524 omnes
1104 3458 1227 3522 horrore

305 3540 413 3616 rculsi,
447 3542 483 3603 ad
501 3560 609 3604 tertam
628 3540 783 3622 duplicatis
804 3539 924 3621 genibus
944 3539 1131 3603 conciderunt
1152 3580 1162 3610 ,
1189 3555 1225 3597 ac

283 3620 431 3700 upplicum
454 3622 486 3683 in
506 3623 626 3684 modum
647 3642 716 3683 aves
738 3641 785 3681 eas
806 3621 872 3683 sunt
891 3621 1046 3689 venerati;
1068 3633 1158 3704 utque
1182 3627 1228 3673 ta·

277 3694 327 3758 lem
342 3700 395 3791 sibi
412 3701 519 3782 pestem
534 3717 716 3776 averterent,
735 3700 816 3762 votis
833 3699 968 3763 omnibus
983 3697 1126 3786 deprecati
1141 3691 1206 3754 sunt
1214 3702 1230 3754 i
1331 3770 1333 3774 Α

277 3772 335 3842 Hoc
355 3798 447 3845 etiam
468 3782 619 3865 amplius,
647 3780 727 3864 quod
746 3799 815 3844 aves
836 3779 908 3858 illas
922 3775 1057 3860 Apollini
1075 3768 1226 3923 saffissff'
