3034 4559
390 459 436 603 ξ
548 458 627 523 DE
664 451 1096 522 ῙΜΙΤΑΤῙΟΝΕ

349 537 389 604 du
429 542 457 603 ia
478 540 510 601 in
531 558 565 601 ea
585 554 758 619 congerant.
781 542 935 616 Quantum
955 555 1053 603 autem
1073 538 1111 601 ab
1131 539 1238 602 Italica
1258 540 1320 604 line

349 634 410 713 gua
429 619 491 701 [ut
510 619 546 681 de
566 618 668 682 nostris
691 634 808 681 tantum
828 620 943 703 agam]
964 619 1064 682 damni
1084 642 1118 682 ac
1138 620 1319 683 calamitatis

350 701 522 783 iampridem
543 700 611 762 huic
634 699 783 761 investum
803 699 862 775 sit,
891 716 979 792 atque
999 701 1070 763 adeo
1097 700 1212 761 indies
1234 701 1319 763 inve·

351 783 439 843 hatur
458 781 578 861 magis,
597 777 714 841 difficile
734 781 775 842 est
796 778 890 842 didiu.
911 780 1060 865 Siquidem
1082 781 1114 841 in
1135 778 1318 841 nobilissimis

351 857 531 923 Civitatibus
552 859 612 930 iam
632 860 752 941 publicae
773 859 937 922 Academia
957 860 1168 935 celebrantur,
1197 880 1262 942 quae
1282 860 1319 922 ad

351 941 450 1003 Italici
471 940 610 1003 sermonis
630 940 773 1001 rationem
794 960 896 1002 ornnes
916 940 1082 1022 disciplinas
1104 938 1250 1002 traducere
1272 960 1321 1001 co·

350 1032 486 1095 'nantur3
509 1020 540 1082 ἂ
560 1040 595 1081 ex
616 1020 699 1083 omni
718 1020 820 1082 ordine
842 1020 929 1082 multi
951 1020 1159 1102 reperiuntur,
1180 1020 1234 1101 qui
1255 1027 1319 1103 qua'

351 1100 461 1161 Latina
481 1100 578 1176 sunt,
608 1101 638 1162 in
660 1101 741 1163 suam
763 1102 896 1183 linguam
915 1114 1082 1162 convertere
1103 1120 1162 1161 non
1184 1098 1318 1171 cessant,

351 1197 443 1262 coque
462 1179 520 1250 iarn
537 1199 659 1244 ventum
674 1180 733 1257 est,
749 1197 783 1243 ut
804 1181 899 1243 multa
914 1181 1063 1243 Ciceronis
1081 1179 1237 1243 volumina
1252 1200 1318 1241 con·

350 1258 496 1337 fecerint,
517 1281 552 1321 ex
573 1282 634 1344 quo
656 1281 716 1322 uno
736 1276 846 1336 tanto,
868 1276 988 1343 tamque
1009 1259 1120 1321 nefario
1141 1258 1242 1321 scelere
1257 1279 1316 1319 non

350 1339 445 1401 solum
466 1342 664 1424 eloquentiae,
685 1340 731 1402 sed
753 1341 865 1403 Latinae
886 1341 928 1403 tei
952 1340 1084 1401 literaria
1100 1338 1244 1401 universa·
1257 1358 1317 1400 ctu·

348 1417 414 1481 dele
434 1421 558 1483 exitium
578 1418 674 1482 afferri
689 1421 831 1484 videtur.
862 1421 934 1483 Non
950 1419 1029 1481 enim
1050 1417 1223 1499 iampridem
1241 1418 1318 1479 mul·

348 1500 375 1561 ii
395 1500 521 1576 desunt,
544 1499 603 1582 [ut
624 1499 698 1562 illud
720 1501 781 1562 illis
803 1501 892 1563 etiam
913 1500 1075 1561 condonent
1092 1543 1102 1575 ,
1122 1498 1203 1580 quod
1224 1496 1277 1558 sua
1295 1498 1318 1557 i·

348 1578 392 1641 sta
421 1581 614 1643 convertendi
644 1581 757 1642 ratione
785 1582 913 1661 optimos
944 1579 1085 1641 Audiores
1114 1578 1216 1639 misere
1243 1577 1318 1638 dila-

350 1676 474 1735 cerent,
497 1682 530 1721 ac
552 1660 720 1721 immaniter
739 1658 929 1742 discerpant]
958 1660 1010 1741 qui
1029 1677 1098 1720 cum
1118 1658 1317 1739 ignorantiam

350 1738 432 1800 suam
461 1738 497 1800 sic
525 1737 690 1813 excusant,
721 1740 897 1801 tumetium
927 1738 1055 1800 laborem
1076 1738 1153 1800 hunc
1172 1734 1317 1818 fugiunt.

348 1818 430 1891 Quid
445 1818 528 1879 nobis
550 1818 609 1888 iam
631 1833 747 1881 tantum
768 1818 878 1894 studii,
909 1818 941 1879 δι
962 1818 1068 1880 laboris
1089 1816 1258 1899 ponendum
1279 1815 1338 1877 eli¹

352 1896 384 1957 in
405 1896 513 1958 Latina
532 1897 634 1979 lingua
654 1898 864 1978 perdiscenda,
885 1919 955 1961 cum
974 1899 1034 1969 jam
1052 1898 1083 1958 in
1105 1898 1200 1959 nostra
1217 1894 1331 1957 habea?

350 1995 416 2037 mus
433 1977 553 2052 multa,
582 1998 615 2039 ac
635 1978 716 2041 brevi
737 1977 823 2039 fimus
842 1995 944 2041 caetera
972 1978 1100 2040 habituri
1121 2022 1131 2052 ,
1149 1996 1215 2059 quae
1236 1977 1318 2039 Lati·

350 2070 390 2115 na
411 2056 476 2119 sunt
499 2055 618 2119 omnia?
640 2061 747 2141 Neque
767 2078 838 2121 vero
865 2058 895 2122 id
917 2058 984 2120 huic
1005 2058 1071 2121 satis
1094 2056 1248 2141 commode
1269 2076 1314 2117 ac·

349 2134 446 2212 cidit,
466 2137 571 2219 quod,
592 2137 612 2197 sr
632 2139 684 2220 qui
706 2138 829 2199 omnino
852 2160 887 2199 ex
904 2138 1033 2213 nostris,
1054 2153 1106 2199 aut
1126 2136 1250 2197 fideliter
1264 2136 1314 2197 do÷

348 2231 441 2291 cent,
464 2232 515 2278 aut
536 2234 675 2298 perpetuo
695 2218 846 2293 scribunt,
868 2219 890 2278 ii
910 2218 1009 2292 brevi,
1026 2237 1059 2278 ac
1081 2216 1176 2279 subito
1196 2214 1261 2296 [ut
1276 2231 1315 2277 et·

347 2295 409 2357 iam
429 2296 531 2379 iniquo
558 2297 646 2359 Coelo
667 2298 727 2360 haec
748 2299 794 2360 uti
814 2296 980 2378 videatur]
1009 2297 1044 2358 de
1065 2296 1162 2357 rnedio
1183 2294 1316 2357 ausemu-

348 2387 421 2452 tur‚
443 2393 474 2439 at
495 2396 532 2437 ue
552 2378 627 2439 hanc
646 2398 712 2440 curn
734 2378 785 2440 sua
805 2379 894 2453 vita,
916 2376 994 2461 quasi
1017 2377 1048 2437 in
1065 2378 1163 2438 medio
1182 2374 1315 2437 deserunt

347 2456 446 2518 cursu.
507 2457 594 2519 ccidit
615 2457 840 2539 Christophorus
861 2457 1052 2538 Longolius,
1081 2458 1183 2518 Petrus
1205 2455 1313 2595 Alcpo·

347 2537 440 2610 nius,
469 2536 599 2598 Andreas
631 2537 842 2619 Navagerius,
869 2535 964 2609 Julius
985 2536 1156 2606 Camillus;
1184 2536 1237 2617 qui
1270 2532 1310 2596 oli

347 2630 475 2695 quatuor
496 2616 588 2689 Viri,
610 2616 630 2677 sr
653 2618 746 2679 vitam
768 2617 873 2691 suatn,
893 2631 1040 2698 quantum
1060 2616 1232 2698 potuissent,
1249 2614 1311 2675 lon·

373 2694 415 2755 'us
443 2695 668 2776 produxissent,
694 2695 758 2776 [ne
781 2718 817 2757 ue
844 2696 922 2756 enim
951 2696 1109 2759 admodum
1136 2711 1208 2757 natu
1229 2714 1312 2776 gran·

371 2772 444 2834 iores
464 2773 618 2853 decessere]
634 2776 729 2836 rnulto
750 2717 839 2837 ditius
859 2795 924 2836 eam
945 2776 1127 2852 extulissent,
1143 2794 1234 2857 quant
1251 2792 1309 2856 quo

345 2867 425 2914 nunc
445 2850 498 2914 fita
517 2852 557 2914 est
578 2853 643 2914 loco
661 2875 670 2924 3
691 2874 760 2916 curn
779 2855 870 2915 etiam
891 2870 1018 2931 contra,
1040 2858 1092 2938 qui
1114 2858 1238 2935 inepte,
1252 2851 1309 2995 ¹qui

346 2932 524 3013 inquinate,
544 2932 597 3017 qui
617 2932 735 2997 barbare
755 2934 787 2996 bt
807 2934 961 3014 scribunt,
989 2936 1021 2998 ἂ
1041 2938 1227 3018 loquuntur,
1284 2952 1311 2993 c-

345 3007 430 3073 sloris
458 3034 550 3075 annos
572 3014 702 3077 virendo
730 3015 892 3096 superent,
922 3032 952 3077 at
974 3037 1011 3078 ue
1031 3018 1075 3078 ita
1095 3016 1254 3096 superent,
1276 3029 1307 3074 ut

345 3092 455 3155 viribus
475 3093 612 3157 omnibus
641 3094 677 3156 ad
707 3095 845 3158 ultimam
879 3035 1053 3159 senedutem
1080 3093 1309 3157 commodissime

345 3187 483 3245 utantur3
498 3195 536 3234 an
557 3175 715 3239 abutantur
736 3173 849 3255 magis?
870 3176 1016 3239 Postremo
1036 3196 1106 3237 vero
1127 3174 1157 3236 id
1178 3173 1307 3246 accedit,

343 3252 423 3335 quod
445 3254 594 3316 multoid
615 3256 740 3336 amplius
761 3258 818 3331 est,
833 3258 912 3337 quod
933 3257 960 3317 ei
977 3258 1062 3319 restat
1081 3254 1117 3317 ad
1134 3255 1216 3320 suum
1234 3256 1307 3315 sum·v

343 3345 427 3390 mum
447 3331 672 3410 ascendendum,
715 3357 782 3397 uam
803 3338 882 3420 quod
903 3337 996 3398 adhuc
1017 3333 1141 3398 confecit
1161 3333 1307 3402 ascensum

342 3410 456 3498 inquo
486 3432 546 3473 uno
570 3357 725 3493 superando
754 3417 843 3495 longe
863 3417 954 3477 etiam
980 3414 1173 3489 fortioribus,
1203 3413 1308 3497 quibus

338 3496 380 3550 eo
398 3489 497 3580 valide
526 3492 671 3569 tollatur,
698 3515 772 3577 opus
792 3496 831 3555 esl
860 3496 1017 3571 humeris,
1045 3495 1188 3579 aquibus
1216 3512 1307 3577 quam

342 3566 460 3651 pessime
482 3589 626 3653 imparata
645 3574 704 3650 sit,
724 3578 783 3647 jam
805 3596 905 3637 omnes
927 3576 1077 3637 videmus.
1099 3581 1173 3652 Quae
1193 3593 1263 3636 cum
1284 3574 1308 3633 i·

343 3664 376 3710 ta
392 3648 446 3711 sint
462 3695 471 3725 ,
493 3667 528 3713 ut
547 3672 636 3735 prope
655 3657 756 3716 omnia
772 3657 900 3716 maxima
921 3655 1055 3727 adversa3
1071 3655 1153 3719 nulla
1174 3654 1226 3715 nisi
1243 3673 1307 3735 par·

342 3745 407 3820 tra,
437 3729 567 3809 debilia,
595 3732 702 3796 caduca
729 3736 829 3797 nollrae
857 3736 933 3817 parti
955 3736 1101 3812 accidant,
1116 3735 1308 3819 quotidieque

343 3810 519 3894 insurgant,
538 3814 591 3896 qui
613 3814 746 3880 adversus
770 3835 835 3879 eam
856 3815 1037 3895 conjurent,
1065 3815 1207 3955 immaniiq
1224 3834 1308 3875 mon·

423 3910 428 3917 '
1209 3916 1266 3965 ra3
