3034 4559
614 469 893 535 Lirin
949 475 1055 537 ῙΙ.·’·
1196 479 1235 552 ii
1324 525 1326 529 .

390 548 553 615 Crudelis?

308 632 395 709 Quin
418 634 515 695 etiarn
537 634 633 717 pergit
654 632 691 695 ab
712 633 823 695 incerto
843 632 934 709 loco,
962 655 1023 718 quo
1055 633 1155 699 AEneas
1176 637 1278 719 appul-

308 711 392 791 sorus
414 712 477 789 est,'
498 712 559 783 eius
579 712 730 796 perfidiam
750 711 878 793 graviter
896 720 1061 797 exagitare,
1082 715 1119 778 fic
1138 715 1252 779 dicens:

303 785 311 820 ⁹
383 793 478 875 Quid
488 790 519 866 fi
530 815 582 852 non
600 813 673 855 arua
687 793 796 865 aliena,
812 791 955 873 domosque

384 873 405 930 J
420 888 500 930 notas
511 888 631 954 peteres,
651 870 690 933 (9
704 873 793 947 Troia
807 872 923 950 antiqua
937 881 1071 937 maneret?

383 894 480 1029 'froja
492 968 544 1033 per
558 952 693 1029 undosum
705 967 838 1031 peteretur
851 952 975 1029 claffibus
989 952 1096 1036 equor?

306 1030 384 1105 Qua
406 1028 473 1090 duae
497 1046 617 1112 partes,
645 1031 789 1172 puoniam
817 1030 899 1093 nullo
919 1034 1009 1096 modo
1030 1033 1150 1096 Catullo
1169 1054 1275 1097 conve·

305 1107 450 1186 niebant,
494 1127 625 1191 ropterea
657 1127 710 1173 unt
730 1108 861 1172 omissa.
880 1111 935 1174 Sed
954 1114 1021 1188 vide
1042 1114 1160 1188 rursus,
1180 1130 1213 1175 ut
1235 1118 1272 1175 ad

302 1189 423 1272 preces,
502 1190 668 1271 lachrymas
689 1190 716 1251 se
739 1205 833 1251 totam
849 1210 1019 1268 convertat,
1038 1195 1151 1255 dicens:

380 1270 438 1328 Me
446 1290 480 1326 ne
482 1269 581 1351 fugis?
598 1268 841 1351 peregohaslachr
885 1293 935 1345 as,
952 1275 1129 1353 dextramque
1143 1290 1271 1349 ruamte,

378 1348 511 1430 ,Quando
526 1349 609 1409 aliud
625 1348 695 1407 mihi
709 1350 770 1428 'jam
786 1293 886 1425 mffl
903 1349 975 1408 nibil
990 1351 1051 1428 ipſse
1071 1351 1188 1430 reliqui,

379 1429 440 1487 Per
462 1426 596 1487 connubia
615 1427 719 1507 nostra,
735 1445 786 1509 per
805 1429 924 1510 inceptos
939 1429 1111 1507 Hymeuaeor,

312 1534 314 1536 ’
382 1507 422 1566 Si
438 1503 506 1567 beno
523 1508 593 1588 quid
606 1510 643 1567 de
659 1526 685 1566 re
699 1513 801 1583 merui,
816 1511 876 1585 fuit
890 1524 941 1567 aut
956 1506 1009 1568 tibi
1023 1509 1173 1590 quicquam
1255 1555 1261 1585 ι,

381 1586 480 1654 Dulce
500 1608 608 1662 meum,
628 1588 749 1664 miserere
768 1589 864 1647 domur
884 1587 1021 1663 labentis,
1042 1590 1080 1649 &
1100 1588 1179 1665 iliam

380 1667 461 1742 Oro,
476 1662 507 1740 si
525 1670 589 1746 quis
610 1666 699 1728 adhuc
714 1665 839 1747 precibus
857 1666 949 1742 locus,
968 1690 1035 1727 exue
1053 1687 1185 1728 mentem.

302 1739 393 1805 Plane
415 1760 482 1806 tota
504 1744 562 1807 ioci
582 1746 621 1807 esi
653 1746 805 1808 imitatio:
833 1746 878 1808 sed
908 1748 987 1828 quod
1015 1748 1113 1829 potuit
1140 1747 1266 1829 amplius

298 1822 415 1899 Maro,
447 1826 477 1885 id
499 1840 583 1886 acute
602 1824 634 1887 &
654 1826 757 1901 vidit,
787 1826 818 1887 &
860 1826 967 1888 raestitit
989 1847 1055 1909 egre
1076 1828 1131 1890 ie.
1161 1828 1264 1889 Pailos

299 1915 418 1990 tanturn
440 1904 612 1983 Hymeneos
633 1903 684 1965 suo
703 1905 803 1976 objicit
832 1846 987 1978 iriadna3
1013 1849 1193 1995 ¹Diio'veto
1214 1928 1263 1988 per

291 1993 343 2043 eos
382 1982 463 2063 ipsos
491 1982 610 2045 AEneam
639 1998 747 2065 rogati,
777 2006 810 2046 ac
845 1986 952 2046 horum
980 2000 1070 2047 etiam
1107 1987 1262 2067 voluptate

293 2078 364 2123 eum
386 2060 545 2124 artificiose
568 2078 687 2138 tentat,
715 2062 735 2122 si
757 2062 844 2144 possit
864 2083 1074 2125 commovere.
1096 2068 1169 2139 Quae
1192 2085 1264 2128 vero

294 2139 482 2222 sequuntur,
500 2139 637 2203 meritum
658 2144 824 2205 continent:
845 2142 945 2221 &ipsa
965 2142 1084 2223 quidem
1100 2164 1119 2203 a
1140 2143 1263 2204 Catullo

294 2217 441 2301 sumpta,
472 2220 520 2281 sed
547 2235 606 2284 non
636 2221 672 2282 ad
700 2221 813 2282 Catulli
834 2238 932 2286 tamen
952 2221 1082 2280 ordinem
1103 2220 1262 2299 descripta;

293 2293 327 2358 in
347 2298 460 2381 quibus
481 2298 600 2381 quidem
620 2299 823 2381 exprobrandis
843 2320 877 2360 ea
896 2300 968 2357 item
989 2298 1082 2356 animi
1103 2298 1261 2358 alternatio

291 2376 453 2453 servatur,
495 2378 639 2459 uasupra
659 2394 805 2439 amantem
825 2376 959 2437 affediarn
981 2374 1032 2434 esse
1053 2371 1264 2437 demonstravi·

290 2471 385 2517 mus.
415 2399 528 2519 Senim
557 2466 635 2520 enim
666 2479 700 2519 ex
722 2456 863 2519 robiando
879 2457 987 2542 iterum
1006 2452 1043 2514 ad
1063 2452 1190 2543 hospitis.
1209 2475 1262 2516 no·

291 2554 362 2597 men
382 2536 489 2599 exarsit
506 2581 516 2611 ,
537 2558 628 2619 neque
648 2478 743 2598 muiio
763 2535 825 2616 post
845 2534 966 2595 sedatior
982 2547 1098 2621 ,atque
1119 2532 1262 2623 remissior

291 2612 370 2755 sarisa
387 2617 421 2677 iii
442 2617 694 2678 commiseratione
711 2616 875 2699 acquievit.
896 2610 1009 2673 Catulli
1026 2626 1127 2672 autem
1144 2611 1178 2673 hi
1195 2617 1263 2675 sunt

290 2713 341 2755 ver
354 2715 408 2757 us:

362 2779 442 2854 Jam
461 2775 523 2852 jam
544 2776 626 2836 nulla
644 2777 704 2836 viro
725 2774 832 2855 juranti
844 2772 964 2852 sumina
983 2769 1093 2843 credat,

368 2854 469 2913 Nulla
490 2856 548 2915 viri
561 2855 659 2948 speret-
665 2859 800 2933 semones
818 2852 870 2932 effe
883 2848 1001 2925 fideles:
1035 2926 1040 2937 ι

365 2934 439 3073 ssui
454 2932 526 2993 dum
541 2936 653 3013 aliquid
670 2936 779 3015 cupiens
793 2934 903 2991 animus
918 2926 1052 3006 praegessrr
1068 2928 1177 3006 apisci,

400 3012 428 3071 il
442 3015 692 3092 inerrantium,
713 3012 784 3073 nibil
796 3010 950 3090 promittere
960 3022 1098 3083 parcuut3

365 3091 429 3152 sed
443 3091 532 3165 simul
552 3114 585 3153 ac
603 3095 708 3173 cupide
727 3090 827 3149 mentis
842 3087 950 3176 fhiiuta
969 3080 1058 3141 libido
1080 3082 1145 3158 esi,

362 3169 461 3231 Difta
477 3167 549 3230 nibil
564 3179 693 3245 metuere,
714 3168 787 3229 nihii
798 3170 925 3246 periuria
945 3176 1055 3249 curun?-

278 3250 383 3326 Quam
406 3250 586 3311 sententiam
606 3251 692 3311 Maro
713 3246 805 3310 tribus
827 3241 923 3305 verbis
944 3239 1088 3302 divinitus
1106 3240 1270 3327 absorpsit,

278 3345 347 3392 etim
371 3344 439 3391 ait:

358 3407 442 3485 Nus
452 3427 521 3465 uam
535 3423 596 3465 tura
603 3404 691 3480 fider.
1003 3476 1009 3488 ι

272 3486 341 3549 Post
364 3429 546 3568 persidiam,
567 3484 715 3575 ingratum
735 3484 827 3545 etiam
850 3480 935 3569 sunm
958 3473 1094 3537 Ariadna
1118 3484 1278 3571 aremare,

272 3584 370 3649 atque
393 3565 446 3625 iili
470 3564 644 3625 nominatim
663 3566 790 3647 praestita
810 3554 1112 3636 ofliciaexprobrare
1139 3559 1194 3622 his
1215 3581 1282 3623 ver.

272 3644 315 3707 bis
337 3665 408 3707 non
432 3641 567 3711 omittit:

356 3729 449 3784 Certe
471 3742 519 3799 ego
539 3736 565 3777 re
584 3721 613 3781 iu
632 3724 719 3784 medio
738 3718 899 3797 verfimtem
920 3711 1029 3773 turbiue
1049 3708 1134 3768 lethi

349 3798 480 3883 Eripui,
502 3796 541 3867 si·
557 3802 649 3877 potius
664 3819 828 3883 germanum
848 3794 975 3856 amittere
994 3788 1094 3864 crevi,
1131 3852 1135 3858 .

1146 3862 1261 3957 Qu
