3034 4559
319 460 378 539 164
503 467 506 474 '
540 457 590 521 IN
604 458 788 523 ANDREAE
807 457 979 524 ALCIATI

275 541 323 605 nis
340 534 470 622 partibus
488 584 498 616 ,
516 542 591 603 unde
606 541 695 602 etiam
711 540 793 602 diue
810 541 900 617 sunt,
938 555 1147 622 raponunturs
1163 546 1240 623 'qut-

274 623 344 683 dam
371 638 470 681 tamen
488 635 604 681 tantum
629 636 729 682 contra
744 637 880 681 naturam
904 562 984 683 suam
1003 621 1240 701 postponuntur,

274 698 330 783 [ut
347 700 382 761 de
401 701 435 762 iis
452 699 527 760 nihil
544 720 648 780 agam,
669 720 732 782 quae
741 715 864 782 utroque
881 699 964 775 loco,
986 717 1019 762 ut
1036 701 1129 781 magis
1145 698 1239 775 libet,

274 782 456 844 collocantur
473 822 483 854 ,
503 793 536 840 ut
552 780 581 836 in
596 822 606 852 ,
627 800 712 854 cum,
733 798 795 839 ante
812 824 821 854 ,
841 781 970 853 circiter,
989 780 1097 858 usque,
1118 781 1148 839 ἂ
1166 778 1247 860 inuh,

274 878 313 923 tae
337 861 425 934 aliae,
471 876 513 919 urc
531 858 618 921 modo
635 874 729 932 ante,
756 859 843 921 modo
859 859 898 920 in
913 859 1035 932 medio,
1060 855 1240 939 inodopnst

273 955 425 1023 ponuntur
438 877 477 1018 ,Ἡ
495 953 528 1000 ut
549 938 584 998 de
602 938 647 998 his
664 983 674 1012 ,
691 939 811 1019 inquam
828 983 838 1014 ,
854 939 928 1000 nihil
944 957 1049 1020 agam,
1069 960 1128 1001 una
1146 938 1242 1014 oerfies

273 1022 338 1093 cst,
356 1038 418 1098 quae
435 1016 544 1098 semper
559 1016 740 1098 postponitur
758 1062 768 1091 ,
794 1035 827 1080 ut
845 1021 957 1077 Romam
981 1017 1076 1092 verstes
1095 1063 1104 1092 ,
1126 1011 1240 1080 Fadum

273 1101 394 1175 vasus,
421 1116 484 1158 non
504 1105 601 1158 aurem
628 1113 702 1158 retro
729 1096 811 1158 verso
836 1098 935 1160 ordine
952 1118 962 1166 3
987 1105 1020 1160 u't
1036 1096 1122 1162 alias:
1134 1097 1214 1162 ratio
1231 1139 1243 1172 ‚

273 1178 349 1244 hane
371 1195 441 1239 veto
457 1174 526 1238 usus,
547 1178 588 1238 ita
605 1176 757 1255 receperit.
778 1177 815 1240 In
835 1177 1008 1240 Verbalibus
1023 1176 1240 1252 Genusium

275 1278 341 1321 rum
358 1255 565 1317 substantivum
584 1272 636 1317 tuo
652 1255 773 1318 arbitrio
789 1256 847 1318 five
869 1257 930 1337 post
946 1300 955 1330 ,
973 1255 1029 1316 sive
1046 1272 1113 1322 aute
1172 1275 1246 1329 ott,-

274 1358 363 1400 nemo
380 1351 408 1397 te
423 1334 592 1409 accusabit,
616 1351 650 1397 ut
667 1335 687 1396 sl
704 1334 782 1398 dicas
799 1353 907 1416 tempus
926 1335 968 1413 est.
982 1334 1079 1412 discea
1134 1349 1242 1409 tpaut

273 1414 434 1494 discedendi
449 1430 555 1495 tempus
572 1416 628 1490 est,
645 1415 688 1476 ira
703 1415 734 1475 in
752 1416 874 1478 caretis.
895 1414 932 1476 In
945 1413 1061 1480 :duobus
1078 1434 1151 1476 vero
1165 1411 1243 1490 eaus-

269 1498 323 1577 fir,
341 1496 371 1558 δι
385 1496 477 1576 gratia
499 1514 558 1556 non
570 1494 618 1555 -ita
633 1513 724 1576 ,quae
740 1493 896 1560 vocassem
934 1491 1079 1556 rahonis
1098 1514 1167 1556 curn
1184 1494 1244 1556 Ge·

276 1576 375 1639 nitito
392 1572 534 1654 possessrve
549 1573 764 1653 *postponuntur
781 1594 790 1644 3
811 1589 844 1635 ut
861 1576 894 1633 vi
905 1574 969 1633 endi
986 1575 1030 1632 tui
1046 1573 1164 1651 cauffo,
1186 1571 1244 1634 sive

274 1704 276 1709 .
310 1657 393 1728 aeia,
416 1673 475 1715 non
491 1670 590 1715 autern
605 1661 730 1727 contra,
754 1653 867 1730 cauffo,
882 1667 933 1713 aut
947 1654 1040 1734 gratia
1056 1652 1170 1727 visendi
1184 1652 1242 1712 rui.

304 1733 494 1814 raeposrtiones
520 1733 591 1794 item
601 1732 639 1793 in
656 1731 712 1794 suis
740 1732 948 1808 'comparativis
972 1730 1133 1796 formandis
1165 1730 1196 1791 ia
1216 1754 1244 1789 e-

277 1816 337 1876 rius
354 1812 513 1873 terminant
539 1831 639 1871 omnes
657 1853 666 1886 ,
695 1827 729 1872 ut
745 1811 810 1890 post·
817 1811 947 1889 posserius
961 1811 1075 1883 „ultra
1100 1812 1241 1883 ulterius,

275 1896 344 1957 citra
368 1892 500 1963 citerius,
528 1889 602 1967 iufra
623 1888 766 1965 inferius,
799 1909 857 1950 una
878 1905 1018 1965 tantum,
1040 1908 1104 1971 quae
1126 1889 1167 1950 est
1181 1905 1250 1970 pto,

271 1990 309 2056 pe
325 2013 334 2047 ,
353 1968 423 2031 facit
440 1986 489 2049 pro
508 1970 568 2027 ius.
589 1968 668 2042 Quid
691 1968 738 2029 hic
758 1968 887 2030 dicemus
909 1969 1012 2043 aliud,
1042 1968 1094 2030 nisi
1115 1968 1253 2051 quia.u·.

277 2055 322 2115 sus
344 2050 387 2111 ita
407 2068 474 2131 pror
486 2066 519 2109 us
540 2047 733 2127 comprobasse
754 2043 896 2121 viderur;
919 2066 951 2110 ut
975 2047 1118 2128 superiora
1139 2048 1177 2110 ad
1199 2068 1241 2110 ra·

277 2133 414 2205 tionem,
447 2128 506 2189 haec
526 2127 563 2188 ad
584 2127 667 2190 usum
688 2123 866 2190 reserantur?
895 2130 940 2189 Ac
963 2144 996 2190 ut
1017 2128 1135 2208 propius
1167 2148 1242 2190 acce·

279 2212 394 2284 dam‚a
415 2208 499 2267 laudo
520 2206 556 2268 fit
576 2205 782 2283 laudabile-,ab
802 2230 863 2268 amo
877 2206 1022 2282 amabile,
1045 2228 1096 2268 cur
1119 2228 1180 2270 non
1202 2208 1243 2272 ila

278 2289 420 2372 apuffum
442 2284 591 2368 poffibile,
620 2304 707 2370 atque
731 2286 904 2367 impossibile?
934 2288 1004 2368 quia
1027 2287 1091 2348 usus
1121 2287 1242 2360 vetuit,

277 2369 357 2454 quod
378 2368 490 2429 ratione
506 2366 586 2448 sequi
608 2387 660 2447 par
675 2366 843 2428 videbatur.
863 2372 968 2428 Beatus
988 2366 1059 2427 item
1080 2365 1170 2428 efficit
1186 2365 1249 2426 bea.

279 2450 394 2523 titudo,
417 2447 513 2527 longus
529 2445 669 2523 longitudo
688 2469 695 2511 ;
716 2467 767 2507 cur
779 2466 839 2507 non
855 2464 952 2526 gratur
965 2445 1133 2535 gratitudo,
1154 2448 1244 2527 ingra-

278 2548 324 2590 tus
341 2529 370 2587 in
402 2526 526 2585 atitudo?
556 2526 627 2606 quia
650 2524 728 2586 aliud
751 2526 827 2586 ratio
844 2526 912 2601 est,
942 2525 1021 2587 aliud
1043 2525 1128 2586 usuc.
1151 2527 1244 2587 Nota·

278 2611 324 2671 vit
380 2608 456 2667 icero
475 2602 513 2664 ad
541 2603 616 2664 hanc
638 2605 781 2665 rationem
811 2601 960 2682 absentiam
989 2626 1047 2666 non
1079 2606 1154 2666 resie
1187 2601 1242 2666 dici

277 2686 409 2758 Latine,
431 2703 498 2745 cum
516 2684 779 2759 presentiatamen
800 2682 833 2743 sit
853 2683 1084 2746 Latinislimum.
1108 2683 1188 2746 I‘tem
1204 2706 1242 2744 re·

184 2813 186 2816 ,
270 2769 343 2845 ferre
361 2764 481 2842 gratiam
502 2758 649 2833 dicimus,
670 2760 701 2820 u
721 2760 816 2820 relatio
836 2782 895 2823 vox
911 2764 1017 2825 Latina
1033 2766 1087 2827 est.
1110 2762 1165 2824 Sed
1185 2783 1242 2826 non

159 3949 242 4073 ἱ

277 2861 375 2906 tamen
396 2840 519 2900 dicimus
546 2839 643 2916 gratie
667 2839 851 2917 relationem,
872 2843 1120 2924 quemadmodum
1137 2848 1243 2923 gratie-

277 2945 340 2984 rum
365 2918 494 2979 tassionem
516 2916 613 2979 crebro
633 2915 827 2998 usurpamus,
855 2922 925 3004 quia
946 2923 982 2985 fic
1003 2923 1067 2983 usus
1089 2966 1098 2997 ,
1129 2937 1162 2985 ut
1185 2922 1242 2992 jam

276 3002 376 3082 saepius
405 2998 517 3064 dietum
538 2999 601 3072 est,
631 2997 848 3079 comprobavit.
879 3003 923 3064 Ac
949 3023 987 3065 ne
1016 3002 1133 3082 longius
1163 3000 1240 3072 srm3

276 3082 383 3164 possem
410 3080 489 3141 eninr
517 3077 570 3139 tibi
593 3079 688 3140 multa
718 3076 855 3141 adducere
884 3081 915 3141 in
944 3081 1018 3142 hanc
1042 3080 1241 3151 sententiam3

277 3163 362 3236 dico,
382 3160 523 3219 licentiam
546 3157 653 3238 semper
673 3156 777 3220 habere
797 3158 907 3241 aliquid
930 3176 981 3223 aut
1003 3160 1073 3221 mali
1096 3205 1105 3235 ,
1128 3178 1180 3224 aut
1201 3158 1242 3221 su·

275 3239 411 3322 spicionis
433 3236 469 3298 ad
491 3238 618 3298 malum.
640 3236 740 3298 Postea
762 3279 771 3313 ,
800 3237 879 3302 aliud
900 3240 939 3301 est
959 3241 989 3300 in
1011 3241 1143 3318 sermone
1166 3238 1241 3301 Lati·

278 3340 318 3380 no
340 3316 479 3398 loquendi
508 3316 610 3390 ratio,
640 3317 718 3377 aliud
739 3318 922 3399 loquentium
943 3320 1034 3394 usus,
1066 3336 1098 3380 ut
1122 3320 1143 3380 si
1163 3317 1255 3380 licen?

277 3400 320 3459 tia
339 3417 406 3457 cum
426 3394 525 3456 Verbo
546 3396 651 3470 licere,
674 3396 749 3457 unde
771 3418 829 3459 vox
849 3397 924 3459 sasla
946 3398 1010 3471 est,
1033 3398 1240 3480 significatione

278 3498 339 3538 non
359 3473 528 3545 consentit,
549 3473 579 3534 id
600 3474 679 3550 usu,
700 3497 759 3537 non
776 3477 888 3537 ratione
909 3478 1078 3557 jampridem
1096 3495 1239 3559 receptum

277 3557 344 3629 est,
373 3572 436 3637 quae
465 3552 582 3634 quidem
611 3553 728 3616 licentia
756 3575 828 3616 num
851 3576 917 3642 uam
947 3558 979 3618 in
1010 3558 1092 3619 rebus
1117 3556 1237 3621 honestis

280 3635 343 3715 [ut
361 3633 540 3714 disputatum
558 3631 618 3713 ess]
638 3574 909 3697 admistioni-lae
930 3657 1021 3716 pauca
1037 3659 1114 3699 nunc
1139 3638 1239 3705 habes,

281 3714 407 3775 camille
428 3712 488 3787 fili,
505 3710 619 3773 sortasle
634 3715 721 3775 etiarn
740 3714 881 3778 nonnulla
902 3717 984 3789 alia,
1005 3738 1072 3777 cum
1097 3719 1191 3789 majus
1212 3735 1240 3775 ο·

279 3794 356 3857 tium
367 3793 480 3871 erit,in
503 3792 578 3857 hanc
594 3793 736 3857 rationem
753 3794 863 3857 aPatre
880 3812 931 3860 tuo
948 3795 1062 3861 habebis
1080 3796 1240 3938 diffita'
