3034 4559
334 462 1041 530 COMPESCENDAIRACUNDIA.
1082 484 1139 544 129

222 545 319 608 tatium
348 544 555 624 Trigeminum
576 541 678 624 fugit,
730 544 761 604 ui
791 543 811 603 sr
840 544 913 605 itant
942 545 1022 607 suam
1043 543 1074 607 in
1096 548 1173 611 soro-

221 643 271 687 rem
298 625 331 687 δι
352 622 505 685 soeminam
533 641 645 684 motam
677 622 900 700 eesenfilset,
930 645 1051 709 eamque
1073 626 1173 707 Sponsr

219 705 254 767 sui
283 719 410 767 mortem
440 703 592 764 lamentari
621 702 893 778 animadvertisset,
923 723 1084 787 numquam
1113 711 1173 779 ejus

218 784 352 866 sanguine
373 802 476 844 manus
498 782 586 856 suas,
609 799 697 864 atque
718 782 790 844 adeo
810 783 928 846 Penates
950 786 1025 847 Deos
1043 800 1103 845 tam
1120 789 1176 849 im·

233 865 257 924 ie
276 862 505 926 conscelerallet.
529 862 566 924 In
587 882 687 943 pueros
708 883 796 938 vero,
812 880 898 945 atque
919 864 950 925 in
971 865 1093 927 seniores
1109 867 1176 929 nul·

215 881 240 1003 l
259 942 409 1004 iracundia
430 963 488 1003 non
509 942 706 1021 vituperatur.
730 943 856 1024 Utrique
877 944 956 1006 enim
978 944 1015 1006 ad
1035 945 1172 1018 injuriam

214 1020 387 1085 inferendam
418 1021 461 1082 im
503 1036 593 1082 tentes
625 1021 706 1083 lunt.
738 1022 874 1103 Egenum
895 1045 966 1086 vero
986 1025 1051 1108 quis
1073 1029 1171 1100 potius

214 1120 267 1172 non
288 1100 457 1165 commisere
471 1117 542 1175 cat,
573 1120 661 1181 quam
685 1118 717 1164 ut
741 1101 771 1162 in
794 1123 860 1164 eum
882 1102 1034 1165 desaeviar?
1063 1104 1174 1169 Utve·

214 1200 244 1243 ro
261 1179 399 1255 infima,
428 1195 516 1262 atque
539 1181 709 1260 impotentis
731 1182 908 1245 conditionis
932 1183 1098 1246 hominibus
1119 1187 1174 1252 vix

215 1259 459 1404 ffiimstlmffl
478 1280 487 1331 3
517 1260 559 1320 ita
619 1261 791 1323 tentioribus
813 1262 908 1323 nihilo
929 1265 1037 1345 aquius
1062 1263 1175 1326 succen-

215 1340 229 1402 s
258 1341 264 1353 '
298 1360 359 1414 us,
380 1340 451 1421 quia
471 1359 537 1400 cum
558 1339 580 1399 il
594 1339 617 1398 is
640 1340 766 1401 humane
787 1362 894 1422 agere,
916 1342 960 1402 his
983 1360 1080 1403 autem
1094 1343 1175 1404 cede·

214 1439 240 1483 te
258 1420 415 1482 debemus.
436 1419 571 1480 Parentes
594 1438 685 1492 vero,
705 1419 818 1495 desilii,
839 1421 859 1481 sr
880 1441 939 1502 qua
958 1422 1034 1482 inter
1054 1442 1102 1481 eos
1120 1423 1175 1483 ira-

216 1500 319 1563 cundia
339 1498 498 1582 aliquando
519 1499 725 1575 intermiserit,
745 1500 785 1575 fi,
807 1520 896 1581 quarn
918 1515 1039 1581 uterque
1059 1500 1175 1582 utrique

217 1576 627 1653 teneatur,cons1derabunt,
650 1599 709 1640 non
733 1579 824 1641 solum
847 1599 883 1642 ne
904 1578 1011 1641 illaad
1033 1579 1176 1643 insaniam

216 1679 271 1721 non
291 1657 492 1741 perducatur,
514 1658 561 1718 sed
583 1675 616 1719 ut
638 1658 673 1719 ad
696 1659 821 1721 nihilum
840 1660 933 1740 magis
950 1659 1110 1740 redigatur,
1127 1680 1177 1723 cu·

215 1737 333 1801 rabunt-
367 1738 417 1798 llli
439 1738 518 1798 enirn
550 1737 580 1797 in
601 1737 730 1799 filiorum
761 1739 807 1800 vel
830 1739 964 1801 maximis
985 1739 1099 1811 injuriis
1121 1740 1176 1801 mi·

215 1819 323 1889 tiores3
352 1816 385 1877 hi
406 1837 475 1879 vero
504 1817 673 1878 Parentibus
705 1820 736 1879 in
758 1819 893 1881 omnibus
915 1818 1173 1900 obtemperatiores

214 1897 260 1959 esse
279 1896 402 1959 debent.
423 1895 457 1956 ld
477 1915 593 1979 quoque
614 1896 649 1957 ad
671 1899 745 1960 hanc
766 1899 857 1960 animi
878 1899 1078 1981 gravissimam
1095 1919 1174 1961 com·

216 1978 374 2040 motionem
395 1975 583 2038 devitandam
605 1979 732 2039 maxime
752 2000 771 2040 o
792 1996 951 2059 portunum
971 1980 1053 2056 erit,
1075 1978 1175 2041 srani-

216 2058 437 2130 madvertatur,
467 2071 565 2117 utrum
595 2056 700 2128 injuria
730 1998 828 2120 dedita
849 2078 960 2139 opera,
989 2077 1028 2120 an
1049 2078 1100 2140 per
1121 2061 1175 2121 im·

217 2136 394 2216 prudentiam
426 2133 509 2195 nobis
531 2135 614 2196 illata
644 2136 695 2198 llt.
725 2139 808 2197 Nam
838 2157 904 2199 cum
934 2139 1032 2200 alieno
1054 2138 1174 2200 vulnere

218 2216 327 2294 puuffi
349 2213 473 2289 sumus,
495 2215 566 2296 quid
587 2231 648 2275 tam
671 2216 851 2306 indignum,
880 2236 968 2299 quarn
999 2216 1043 2277 illi
1064 2216 1173 2293 irasci,

218 2298 260 2376 qui
291 2294 375 2357 nullo
398 2294 498 2355 animo
529 2294 611 2356 nobis
641 2315 706 2356 eam
736 2296 872 2366 injuriam
903 2293 1027 2356 fecerit?
1057 2296 1138 2355 Nam
1162 2337 1172 2371 ,

219 2374 457 2454 quemadmodum
479 2393 554 2448 eos,
575 2374 627 2454 qui
648 2372 950 2454 imprudenterxnobis
973 2370 1120 2455 profuere,
1142 2394 1173 2435 a·

220 2472 285 2516 mare
306 2474 365 2515 non
387 2469 520 2514 tenemur
537 2474 546 2523 3
567 2453 603 2513 fic
623 2453 659 2513 iis
675 2453 774 2535 inique
795 2452 972 2528 irascemur,
994 2453 1045 2535 qui
1060 2453 1171 2527 coasli,

220 2549 295 2616 arque
314 2553 366 2615 per
385 2532 612 2612 imprudentiam
635 2532 716 2593 nobis
738 2531 878 2593 damnum
900 2531 1069 2594 intulerint.
1090 2536 1173 2609 Quo·

218 2613 288 2674 niam
316 2633 387 2675 vero
408 2612 488 2675 stulti
510 2612 540 2672 in
562 2631 597 2672 eo
618 2610 683 2672 sunt
703 2613 858 2673 hominum
888 2633 1017 2703 genere,
1046 2614 1098 2693 qui
1118 2613 1173 2674 irn-

236 2694 364 2755 rudentcr
386 2691 523 2760 injuriam
545 2690 672 2765 faciunt,
691 2692 734 2753 his
757 2711 874 2773 quoque
896 2692 1100 2773 ignoscendum
1116 2692 1171 2756 est.

221 2707 286 2834 llam
315 2770 368 2855 qui
397 2771 428 2832 in
451 2770 478 2831 se
501 2771 552 2850 ipsr
580 2771 678 2843 injurii
700 2771 792 2847 sunt,
819 2770 899 2862 quod
927 2774 1102 2854 praecipuum
1131 2774 1172 2835 eli

220 2848 363 2915 sltrlrorum
382 2894 391 2925 ,
411 2850 464 2933 qui
484 2849 606 2911 accusari
627 2851 766 2931 possunt,
786 2850 807 2912 sr
828 2872 858 2911 in
882 2852 953 2912 alios
978 2852 1027 2913 sua
1047 2853 1171 2914 stultitia

219 2927 406 2996 invehuntur?
427 2930 506 2990 Cum
529 2930 615 2991 stulto
636 2932 726 2991 iratus
745 2950 863 3016 quoque
883 2930 1020 3011 conjungi
1052 2930 1169 3011 potest,

216 3011 257 3073 nili
276 3008 359 3095 quod
387 3008 436 3070 ille
458 3009 567 3090 semper
596 3009 791 3090 imprudenter
810 3009 892 3088 agit;
915 3010 963 3069 hic
984 3029 1052 3071 vero
1081 3011 1170 3068 inter·

216 3088 275 3152 dum
300 3090 392 3151 etiarn
414 3086 542 3160 fruiose3
564 3106 598 3150 ut
620 3090 671 3168 qui
694 3090 724 3149 in
746 3090 801 3149 hoc
825 3087 978 3147 hominum
1002 3106 1093 3166 genus
1113 3087 1170 3147 ira·

216 3171 311 3232 uindia
332 3186 577 3243 commoveatur,
603 3186 705 3247 parurn
728 3166 778 3227 ille
800 3166 928 3227 hominis
949 3164 1052 3227 habete
1073 3165 1171 3228 videa·

216 3262 271 3311 tur.
294 3248 325 3311 Si
346 3267 418 3309 vero
438 3248 538 3323 illud,
584 3246 638 3307 uod
661 3266 713 3306 nos
736 3246 896 3320 mordeat,
917 3245 981 3315 joco
1000 3245 1034 3307 srt
1055 3261 1105 3307 aut
1128 3243 1172 3306 di-

214 3325 304 3404 durn,
323 3344 376 3389 aut
395 3325 523 3400 saslum,
540 3268 614 3387 nllnl
636 3325 766 3405 turpius,
781 3343 870 3406 quam
893 3324 921 3386 id
941 3346 1000 3387 non
1024 3324 1081 3388 risu
1097 3346 1170 3409 quo·

213 3424 262 3489 que
282 3405 530 3496 accipere.·Quid
552 3407 631 3467 enirn
653 3402 794 3478 feremus,
817 3404 837 3464 sl
859 3404 980 3467 ridicula
1000 3406 1111 3477 injuria
1128 3406 1172 3468 lo·

212 3506 242 3549 co
259 3482 439 3568 accipimus?
462 3485 625 3547 Alexander
647 3484 736 3565 usque
755 3503 790 3546 eo
812 3502 916 3567 arguta
936 3485 1013 3547 disla
1032 3486 1170 3567 pertulit,

213 3582 241 3627 ut
268 3568 370 3650 piratae
400 3566 433 3625 in
461 3566 487 3627 se
508 3565 635 3626 acerbius
656 3564 763 3635 iocanti
785 3584 851 3625 cum
872 3566 935 3629 uita
957 3566 1018 3646 ipsa
1040 3564 1171 3646 ingentia

212 3646 298 3710 eriam
321 3664 445 3706 munera
467 3645 653 3706 condonarit.
675 3643 786 3705 ferunt
808 3645 887 3706 enim
909 3666 976 3708 cum
997 3663 1065 3705 eum
1084 3663 1116 3702 ce
1136 3641 1171 3702 is-

212 3722 272 3803 set,
294 3741 386 3807 atque
408 3724 510 3804 capitis
531 3724 703 3797 damnasset,
722 3723 779 3785 hoc
800 3722 884 3786 illum
906 3724 984 3785 dieto
999 3736 1100 3782 contra
1116 3662 1172 3781 lle-

211 3823 274 3886 gem
298 3802 472 3867 verberasse.
500 3801 594 3885 Ego,
625 3802 818 3879 Alexander,
847 3804 917 3887 quia
945 3819 1099 3888 parvarum
1121 3817 1172 3861 na·

286 3887 370 3947 Tem.
392 3882 442 3943 ΙΙΙ.
758 3881 778 3945 1
1047 3880 1130 3943 vium
