3034 4559
397 445 437 509 68
555 444 634 507 Da
671 435 1101 505 ῙΜῙΤἉΤΙΟΝΕ

376 533 380 546 ’
436 523 502 605 lpfh
516 519 596 584 beret
604 523 750 606 scopulis,
770 523 810 584 Θ
823 541 960 601 quantam
974 526 1076 585 vertice
1097 523 1138 584 ad
1152 544 1238 583 auras
1319 551 1323 556 ·

439 602 714 680 AErherias5tantum
727 604 821 664 radice
835 605 866 662 in
887 606 1008 663 Tartara
1025 603 1131 663 tendit.

319 753 321 758 ,
398 684 455 746 Ille
481 685 538 758 vi,
560 699 648 765 atque
668 693 828 745 'ventorum
853 682 966 763 impetu
985 701 1122 765 quercum
1146 680 1318 744 amdicibut

358 764 516 838 evulsam,
537 775 625 843 atque
641 762 678 823 a'd
696 779 800 825 terram
823 781 931 843 magna
951 782 1018 823 cum
1036 763 1263 844 propinquarum
1279 781 1319 823 rt·

356 863 423 904 nrm
439 843 531 923 strage
548 842 647 903 datam
664 887 673 917 ‚
694 863 745 923 per
759 841 1007 922 comparationem
1026 841 1138 903 inducit
1156 862 1166 912 ;
1186 842 1235 903 hic
1252 861 1318 902 cou-

356 938 403 983 tra
420 921 499 984 suam
515 922 578 981 vim
594 929 711 982 omnei'n
730 937 884 983 ventorum
901 919 1065 1001 perfortiter
1079 920 1169 994 ferte,
1197 941 1241 982 uae
1256 921 1317 1002 qui·

354 1000 421 1061 dem
449 999 594 1061 altiffimis
616 1000 757 1062 radicibus
782 1001 917 1072 nitatur,
940 998 1080 1061 ostendit.
1101 1001 1156 1060 Sed
1174 942 1230 1061 iila
1247 1020 1317 1082 quo·

378 1099 412 1139 ue
429 1080 522 1141 secum
540 1080 627 1143 Ma'ro
643 1082 674 1142 in
686 1081 864 1148 contrariam
882 1095 993 1159 partem
1009 1078 1184 1152 imitando,
1208 1080 1316 1161 quain

384 1159 518 1239 aphnidis
541 1167 637 1221 morte
653 1161 765 1221 'cecinit
782 1205 803 1236 ,Ι
821 1160 921 1240 longe-
935 1159 1028 1220 eriam
1053 1159 1218 1248 preclarius
1241 1179 1262 1234 e¹
1278 1157 1316 1221 ir..

351 1239 434 1306 Nam
450 1259 523 1314 cum,
534 1239 653 1319 Mopsus
669 1239 835 1319 Daphnidis
858 1238 1009 1299 interitum
1025 1238 1124 1297 masere
1142 1237 1247 1300 deflev‘
1271 1255 1315 1314 er,

353 1334 466 1399 partem
483 1319 607 1380 alteram
621 1319 733 1399 excepit
752 1319 938 1392 Menalcas·;·
967 1333 1034 1377 uam
1051 1318 1088 1377 ad
1104 1317 1201 1396 Mopli
1218 1319 1317 1400 imagi-

353 1417 422 1459 nem
440 1415 534 1459 rotam
551 1395 763 1464 conformavit.
782 1399 861 1458 Nam
870 1397 918 1458 ubi
972 1398 1057 1476 opius
1072 1396 1226 1476 Daphnim
1242 1419 1323 1460 mor--

352 1491 438 1539 tuum
454 1479 582 1539 acerbius
598 1476 686 1539 deflet
703 1522 713 1551 ‚
728 1493 831 1538 contra
848 1476 1022 1549 Menalcas,
1044 1475 1122 1557 quod
1141 1477 1166 1535 is
1181 1477 1216 1538 in
1231 1478 1316 1540 Coelo

353 1554 475 1619 feliciter
491 1573 560 1636 agat
576 1601 586 1631 ‚
612 1555 733 1616 mirifice
749 1557 887 1617 lactatur}
913 1554 961 1617 ubi
980 1554 1030 1615 illa
1052 1575 1177 1616 moerore
1193 1601 1204 1630 ‚
1230 1557 1262 1620 &
1276 1558 1314 1620 la·

351 1638 480 1716 chrymis
497 1636 597 1695 omnia
615 1636 784 1703 ejusmorte
799 1633 928 1696 confecia
952 1634 1129 1695 lamentatur
1147 1655 1157 1704 3
1179 1635 1229 1698 hic
1248 1657 1310 1700 oon·

351 1730 398 1776 tra
421 1715 524 1776 omnia¹
547 1714 585 1774 ob
602 1714 661 1790 cius
684 1713 873 1775 divinitatem
896 1713 999 1774 latitia
1021 1713 1146 1776 ostendit
1168 1717 1311 1782 exultare.

352 1794 411 1856 Ubi
432 1794 562 1873 denique·
577 1792 709 1872 Mopsus·
719 1794 866 1855 tumulum
886 1793 1065 1867 constituit,
1096 1796 1197 1856 versus
1214 1816 1250 1858 ue
1269 1811 1310 1856 tu·

349 1874 434 1935 mulo
455 1872 591 1943 addidit-3
623 1874 770 1934 Menalcas
792 1875 822 1934 δι
845 1874 986 1934 solemnia
1006 1872 1170 1950 sacrificia,
1251 1893 1307 1938 aras

349 1969 385 2015 ur
405 1951 556 2013 certiffimo
585 1951 697 2026 dedicat
718 1954 798 2014 Deo.
830 1952 986 2035 Utriusque
1014 1970 1113 2014 autem
1134 1953 1232 2017 versus
1254 1953 1307 2016 bre·

350 2032 453 2094 vitatis
482 2030 575 2091 causs'a
596 2051 655 2092 non
672 2032 794 2112 apposui
815 2052 943 2106 omnes,
975 2049 1080 2106 ratus,
1101 2032 1169 2093 saris
1191 2035 1245 2095 elle
1265 2031 1305 2094 vel

348 2111 534 2173 mediocriter
555 2111 674 2187 doctis,
694 2112 714 2172 li
734 2133 786 2192 per
806 2113 924 2172 initium
946 2132 994 2173 eos
1011 2111 1191 2174 indicallem.
1213 2112 1248 2176 Id
1261 2131 1306 2174 au·

351 2208 411 2255 tem
433 2190 472 2252 cst
493 2191 552 2259 ejus
570 2235 579 2266 ,
599 2191 651 2272 qui
671 2211 738 2252 eum
762 2208 910 2252 mortuum
930 2190 1042 2252 deflet:

425 2268 584 2331 Extiniium
600 2271 726 2350 nymphe
745 2270 850 2331 crudeli
873 2272 968 2345 funere
987 2267 1132 2350 Daphnim

356 2369 358 2374 '
428 2354 453 2410 F
454 2347 547 2409 lebant?
552 2357 567 2409 'l
583 2356 648 2408 ‘vos'
659 2351 743 2428 coryli
759 2352 855 2425 telles,
872 2347 912 2409 (⁶7
919 2347 1044 2421 flumina
1059 2348 1202 2429 nymphis.

351 2430 423 2520 Ejus
443 2445 565 2505 aurem,
594 2429 646 2512 qui
667 2449 734 2490 eum
753 2430 830 2492 inter
848 2430 927 2492 Deos
947 2430 1076 2505 retulit,
1107 2430 1177 2493 inde
1197 2430 1238 2494 est
1255 2428 1301 2492 iui-

349 2525 425 2572 trum
449 2529 456 2567 :
1076 2516 1082 2526 “

362 2587 365 2594 ’
424 2588 572 2648 Candidus
593 2583 729 2665 insuetum
743 2592 858 2651 miramr
874 2589 957 2649 lirnen
973 2590 1103 2670 Olympi:

360 2691 367 2702 ¹
427 2664 487 2725 Sub
498 2665 666 2744 pedibusque
682 2671 764 2728 vider
780 2667 861 2729 nubes
877 2713 886 2743 ‚
907 2669 947 2731 Θ
956 2669 1048 2742 sidera
1062 2668 1200 2749 Daphnis.

359 2757 361 2764 ’
386 2746 451 2806 Nos
473 2744 544 2805 item
575 2749 758 2807 acontrario
779 2749 950 2808 Ciceronem
972 2750 1082 2810 imitati
1105 2750 1229 2824 sumus,
1256 2745 1297 2812 ubi

343 2823 388 2884 ait
406 2841 413 2881 τ
430 2823 483 2883 Dii
498 2823 546 2898 isti
561 2823 670 2904 Segulio
684 2826 859 2904 malefaciant
873 2825 977 2886 homini
991 2828 1143 2907 nequiffimo
1160 2830 1298 2898 omnium,

342 2903 393 2981 qui
410 2903 503 2977 sunt,
525 2903 576 2981 qui
595 2905 735 2981 suerunt,
764 2908 814 2985 qui
823 2907 917 2983 futuri
926 2907 1011 2983 sum.
1033 2910 1098 2968 Nos
1122 2924 1221 2970 autem
1240 2908 1273 2970 fic
1286 2922 1298 2970 ἓ.
1350 2925 1352 2934 “

342 2986 381 3042 Ut
398 2983 450 3042 Dii
466 2982 576 3076 Georgia
587 2984 711 3062 patrueli
726 3003 773 3044 tuo
790 2988 880 3045 omnia
896 2984 967 3044 bona
985 2990 1075 3064 dent,
1096 2987 1259 3063 adolescenti
1274 3007 1296 3043 o-

340 3062 471 3136 mnium,
491 3085 539 3142 qna
549 3061 644 3139 sunt',
664 3065 713 3143 qui
724 3066 862 3144 ficerunt,
882 3067 984 3144 quique
1000 3089 1090 3127 omnes
1115 3085 1195 3127 erunt
1210 3068 1240 3130 iar
1255 3086 1296 3124 aa·
1348 3067 1352 3094 ²

339 3161 404 3213 nos,
421 3143 533 3219 optimo.
554 3142 630 3202 Item
652 3164 687 3204 ex
708 3145 829 3220 eodem,
844 3164 911 3207 cum
933 3146 976 3206 ait
998 3145 1034 3206 ad
1056 3146 1214 3208 Plancum:
1230 3151 1296 3207 Cum
1349 3153 1352 3182 ³

337 3220 472 3278 Furnium
514 3222 583 3300 erse
599 3223 665 3283 vidi
680 3221 877 3302 libentiffime,
900 3241 959 3282 tum
983 3224 1031 3285 hoc
1050 3225 1207 3301 libentius,
1226 3221 1293 3306 quod

339 3296 422 3356 illum
440 3236 579 3372 aussens,
600 3318 626 3358 te
641 3302 759 3361 videbar
777 3303 891 3363 audire.
912 3305 976 3364 Nos
997 3321 1097 3366 autem
1117 3304 1179 3366 stc:
1202 3328 1254 3385 quo
1267 3303 1294 3362 in
1349 3305 1352 3314 '

338 3374 394 3436 luo
407 3377 523 3435 Antonii
538 3375 634 3450 filium
650 3384 751 3459 offlndi
766 3428 775 3456 ‚
796 3403 876 3462 quem
897 3403 958 3441 cum
971 3399 1020 3461 per
1029 3384 1062 3460 fi
1078 3428 1087 3458 ,
1108 3402 1140 3442 ut
1151 3385 1241 3461 fertile
1254 3399 1301 3444 uf·
1350 3395 1352 3406 '

330 3454 399 3533 sti,
429 3456 590 3534 iniquiffima
620 3461 709 3519 animo
733 3462 827 3534 vidi,
855 3478 913 3518 tum
936 3461 1017 3520 etiam
1041 3464 1128 3522 multo
1151 3465 1295 3545 iniquitat,
1349 3487 1352 3496 ·

335 3534 411 3614 quod
428 3533 510 3594 illum
526 3537 651 3612 videns,
671 3542 821 3599 Antonium
836 3538 926 3617 ipsum
940 3543 1048 3601 nidera
1063 3540 1196 3602 videbar.
1218 3542 1294 3612 Cice·
1349 3563 1352 3574 ·

334 3633 368 3674 ro
389 3614 461 3675 item
483 3617 560 3675 aitt·
577 3616 729 3696 atque'haec
752 3618 842 3676 omnia
857 3619 924 3676 vitae
935 3620 1089 3680 decorabat
1108 3625 1242 3700 gravitas
1260 3619 1294 3681 Θ

335 3694 493 3771 integritas.
515 3694 581 3775 Ego
601 3715 671 3755 vero
693 3696 750 3756 stc:
776 3715 858 3775 atque
873 3695 928 3755 hac
949 3700 1026 3758 mala
1049 3702 1140 3759 omnia
1155 3725 1215 3761 una
1230 3723 1295 3762 ava·

333 3772 400 3837 titia
415 3774 642 3841 cumulabantur.
665 3773 722 3839 Vel
743 3775 780 3838 fic
797 3797 804 3836 :
832 3774 985 3858 aquariae
1001 3778 1071 3839 bona
1090 3781 1184 3844 omnia
1201 3804 1260 3854 uua
1274 3781 1296 3840 i·

1218 3885 1262 3923 ra·
