3034 4559
316 483 376 544 144·
523 457 776 527 BARTHOL.
822 461 992 523 Ricclt

271 556 421 621 tuuntur,
450 542 503 628 qui
563 547 620 607 llea
640 542 710 605 foris
732 542 851 625 Legatis
872 564 890 603 a
910 560 999 602 manu
1019 538 1100 612 fint3
1129 558 1163 602 ex
1184 538 1224 602 his

274 642 400 700 autem,
420 624 499 704 quasi
530 623 587 685 afli
607 625 768 699 Senatores,
789 624 820 683 in
830 640 897 683 eum
918 621 1049 682 ordinem
1071 620 1226 681 venirent.

274 708 355 769 Nam
376 723 442 766 cum
463 705 494 764 in
514 704 672 779 Senatum,
694 703 746 765 nisr
767 721 834 764 cum
855 718 927 763 natu
947 700 1141 782 grandiores,
1169 717 1240 762 tutu

271 786 324 869 qui
352 783 462 845 summa
484 781 552 843 Viri
575 783 660 845 elsent
684 783 854 863 prudentia,
877 780 913 842 de
934 801 1014 842 more
1035 780 1228 860 legerentur,

272 865 382 949 quique
401 862 436 924 de
457 860 539 924 rebus
561 862 733 944 gravillrmis
754 861 910 945 prudenter
929 875 1016 942 atque
1037 881 1053 920 e
1079 861 1153 941 Rep.
1173 879 1228 920 ma·

273 944 350 1006 xime
369 942 581 1018 decernerent,
609 942 767 1023 aliquando
796 959 893 1004 tamen
914 961 973 1002 non
1002 959 1109 1020 parvus
1139 939 1228 1001 adole·

272 1024 400 1086 scentum
429 1041 565 1085 numerus
587 1023 622 1083 ad
643 1023 773 1084 Seniores
803 1023 906 1083 ascitus
928 1024 993 1095 est,
1014 1020 1065 1101 qui
1088 1019 1229 1101 paulatim

271 1103 354 1165 rebus
374 1100 498 1184 publicis
519 1102 675 1164 traflandis
704 1102 892 1164 assuesceret.
921 1101 981 1162 Hic
1003 1100 1082 1161 enim
1103 1099 1229 1179 primun

271 1182 362 1245 literis
382 1182 554 1264 quibusdam
586 1182 713 1265 legendis
735 1183 900 1253 intererat3
929 1178 1032 1241 deinde
1053 1177 1145 1240 etiam
1168 1199 1229 1242 curn

270 1261 382 1345 aliquid
403 1261 620 1343 disputaretur,
641 1261 719 1343 quod
741 1283 801 1323 non
824 1262 865 1322 ita
886 1259 921 1321 ad
944 1260 1088 1321 summam
1110 1259 1230 1341 Reipulx

271 1342 446 1424 pertineret,
470 1363 529 1404 una
545 1343 629 1404 fimul
639 1342 789 1418 allidebat,
811 1360 930 1424 nequea
947 1339 1144 1421 quorumdam
1156 1339 1232 1400 Prin·

269 1422 371 1503 cipum
391 1422 600 1503 Legationibus
621 1422 772 1484 audiendis
792 1419 996 1483 excludebatur
1012 1441 1021 1491 3
1041 1439 1145 1480 verum
1167 1439 1231 1486 cum

271 1521 316 1563 res
336 1500 458 1565 venisset
479 1502 515 1563 ad
536 1502 693 1585 suffragia,
717 1519 782 1564 turn
803 1502 900 1562 millus
924 1501 972 1562 hic
992 1497 1078 1559 fiebat
1095 1499 1230 1561 Senatus.

270 1581 316 1643 Hi
335 1580 447 1662 postea,
468 1601 535 1644 curn
555 1602 606 1664 per
628 1598 742 1644 aetatem
765 1581 880 1657 liceret,
900 1599 986 1660 poene
1006 1576 1075 1639 faui
1098 1579 1130 1639 in
1148 1579 1232 1640 Sena·

272 1677 337 1722 tum
366 1660 544 1723 veniebant.
572 1661 625 1723 Sed
645 1661 716 1744 quid
745 1682 801 1741 ego
822 1675 850 1721 te
874 1659 977 1721 alienis
1007 1657 1150 1739 exemplis
1172 1678 1233 1721 mo·

274 1738 348 1803 ror?
377 1740 457 1820 quali
484 1740 652 1821 Alphonfus
681 1741 815 1821 Princeps
839 1739 933 1800 noller
960 1740 1017 1800 hoc
1038 1737 1133 1819 ipsum
1166 1757 1232 1800 cum

272 1819 400 1880 Hercule
430 1819 511 1881 Filio
532 1840 591 1882 non
619 1818 793 1900 perfecerit,
822 1839 909 1901 quem
931 1820 983 1879 vix
1012 1818 1232 1899 quatuordecim

275 1916 366 1959 annos
387 1913 490 1958 natum
513 1899 549 1960 ad
571 1899 703 1980 quaedam
724 1896 840 1980 publica
860 1898 979 1960 consilia
999 1899 1153 1960 admittere
1172 1917 1231 1960 non

273 1975 445 2052 dubitavit,
473 1996 508 2038 ac
530 1998 591 2040 non
612 1978 714 2040 multis
736 1980 820 2040 annis
844 1977 906 2059 post
926 1998 1013 2059 poene
1034 1978 1171 2039 omnibus
1193 1997 1233 2039 re·

273 2055 325 2117 bus
346 2055 478 2137 gerendis
500 2058 631 2120 interefle
651 2058 771 2121 voluit.
804 2059 893 2121 Valet
914 2074 990 2120 certe
1011 2058 1173 2139 plurimum
1196 2056 1232 2120 ad

272 2156 509 2220 unamquamque
530 2159 592 2200 rem
613 2138 810 2217 instrustum,
840 2154 927 2222 atque
948 2140 1135 2200 exercitatum
1158 2156 1233 2200 acce·

273 2216 353 2277 dere.
374 2220 471 2294 Quare
492 2237 548 2310 ego
568 2218 598 2280 id
618 2219 650 2281 in
672 2220 774 2301 primis
796 2239 924 2281 curarem
940 2216 1113 2300 diligenter,
1136 2218 1233 2280 utha·

273 2294 383 2371 berem,
407 2298 459 2380 qui
481 2299 555 2360 mihi
576 2319 611 2361 ex
633 2300 775 2381 superiore
795 2300 894 2361 ordine
916 2299 947 2359 in
968 2296 1144 2359 consulendo
1166 2315 1233 2378 ope·

272 2395 336 2437 ram
358 2376 438 2439 suam
460 2397 603 2442 navarent
621 2400 630 2452 3
651 2401 717 2442 cum
738 2400 808 2442 vero
828 2380 853 2441 is
895 2378 972 2440 otior
997 2377 1061 2438 usus
1084 2376 1185 2437 deellet
1204 2397 1234 2438 o·

272 2455 401 2531 mnino,
431 2477 467 2517 ne
487 2479 522 2519 ex
542 2459 635 2522 altero
654 2480 718 2521 eam
742 2480 827 2540 opem
848 2399 1004 2520 admodum
1025 2455 1232 2532 desiderarem,

274 2554 356 2618 aeque
384 2536 592 2615 providerem.
623 2538 724 2599 Altera
752 2559 824 2600 vero
858 2558 949 2617 pars,
978 2556 1067 2618 quam
1091 2537 1122 2595 in
1144 2535 1233 2598 fideli·

270 2629 315 2676 ter
335 2614 510 2676 consulendo
540 2617 664 2695 positam
692 2616 744 2676 elle
765 2617 921 2689 diximus,
952 2631 1066 2675 tantam
1089 2616 1154 2676 vim
1185 2616 1231 2677 ha·

270 2693 343 2765 bet,
374 2692 444 2752 utfr
465 2693 525 2752 haec
545 2695 583 2753 ab
604 2694 687 2755 omni
707 2694 825 2754 consilio
856 2693 951 2765 abfit,
978 2692 1087 2774 quaevis
1110 2714 1154 2753 res
1178 2695 1232 2776 pri·

272 2785 368 2843 vata,
396 2769 506 2848 quaevis
529 2772 645 2849 publica
666 2772 774 2846 brevi,
804 2793 836 2832 ac
857 2770 996 2848 facillime
1018 2768 1144 2831 subverti
1170 2773 1230 2854 pof-

272 2849 329 2909 srt.
357 2846 506 2920 Quamdiu
528 2868 572 2908 res
594 2851 730 2912 Romana
759 2848 890 2912 fidelibus
914 2850 1036 2912 consiliis
1065 2847 1143 2930 gella
1164 2856 1230 2928 est,

273 2926 354 2988 domi
373 2926 594 2989 cumulatiffime
615 2926 789 2991 familiarem
814 2930 957 3001 adauxit3
986 2928 1055 2990 foris
1077 2933 1229 3011 imperium

274 3006 402 3068 maxime
421 3006 586 3076 dilatavit;
616 3010 650 3071 de
668 3010 802 3074 omnibus
825 3010 970 3073 Gentibus
994 3011 1160 3090 triumphos
1193 3031 1229 3073 re·

274 3087 424 3168 portavit3
445 3103 478 3149 ut
494 3108 563 3149 vero
584 3089 616 3152 in
637 3089 717 3151 fuam
739 3091 859 3174 quisque
881 3090 1070 3151 ambitionem
1081 3092 1201 3153 disceffit
1219 3134 1229 3167 ,

272 3188 308 3227 ac
328 3168 420 3247 magis
441 3168 636 3245 fimulationi,
680 3191 750 3231 uam
768 3172 890 3246 virtuti,
914 3171 1058 3249 imperia,
1081 3171 1228 3253 Magistra·

273 3263 321 3307 tus
342 3247 473 3307 mandari
494 3264 625 3328 coeptum
646 3190 710 3325 efl,
731 3252 871 3312 continuo
893 3272 926 3310 ea
947 3249 1005 3310 labi
1028 3252 1143 3330 coepit,
1172 3251 1228 3313 bre·

202 3385 205 3390 .
272 3327 364 3407 vique
385 3326 421 3387 ad
445 3328 594 3390 interitum
617 3327 700 3391 suum
720 3350 873 3406 corruens,
891 3328 1020 3390 funditus
1037 3330 1164 3391 interiit.
1184 3332 1228 3392 Sa·

274 3425 312 3465 ne
333 3406 412 3485 pejor
434 3407 522 3467 hollis
544 3409 642 3470 nullus
666 3411 783 3491 reperiri
804 3409 918 3490 potest,
947 3429 1037 3490 quam
1065 3412 1115 3501 qui
1140 3410 1228 3472 verbis

275 3483 451 3546 amicillrmis
473 3486 500 3547 fe
519 3489 667 3562 ostentet,
702 3508 731 3550 re
751 3505 850 3550 autem
870 3508 938 3549 vera
967 3488 1158 3552 infestillrmus
1178 3491 1227 3551 ini·

274 3565 370 3626 micus
390 3565 516 3643 existat,
546 3569 626 3627 Nam
649 3578 736 3649 quem
766 3569 839 3628 mihi
862 3567 946 3629 sciam
968 3569 1067 3649 aliqua
1089 3569 1148 3632 levi
1176 3567 1227 3631 fus·

275 3645 389 3726 picione
411 3644 552 3707 infensum
570 3690 579 3722 ,
600 3647 635 3705 ab
652 3668 686 3707 eo
703 3648 734 3708 in
751 3648 832 3707 omni
854 3668 884 3707 re
907 3648 1031 3708 minima
1048 3649 1122 3708 mihi
1140 3664 1228 3711 atten-

276 3725 335 3785 tius
351 3725 459 3787 cavebo
479 3748 488 3798 ;
508 3745 567 3800 ac,
589 3743 621 3787 ut
638 3727 769 3807 quadam
788 3727 982 3807 negligentius
1003 3749 1127 3803 curem,
1156 3745 1227 3791 certe

277 3803 391 3867 nullam
412 3805 456 3867 illi
483 3805 517 3869 in
536 3804 619 3869 rebus
640 3806 812 3888 gravissimis
833 3806 919 3883 fidem
948 3806 1060 3872 habebo
1077 3829 1086 3882 3
1115 3809 1162 3872 hic
1182 3827 1226 3871 ve-

363 3928 368 3935 ·
398 3929 401 3936 -
1160 3909 1190 3950 ro
