3034 4559
1110 449 1151 517 39

259 573 864 692 ssnuruoromrar
922 525 1192 693 ulceri

420 795 499 861 DE
537 796 1007 865 IMITATIONE.

306 960 1111 1058 nunpeflonsum

333 1144 661 1210 eresi-rou
701 1149 1089 1229 rnrncrrru,

308 1318 574 1389 LIBER
632 1320 1120 1393 SECUNDUS.

265 1557 299 1616 j
431 1533 593 1614 Roperanti
609 1533 702 1609 mihi,
723 1525 872 1675 Alphonse
888 1534 1041 1616 Princeps,
1058 1555 1108 1611 ea,
1127 1555 1192 1618 qua

265 1665 283 1683 .,
387 1688 390 1697 .
442 1613 561 1675 scribere
570 1613 748 1677 institueram
779 1614 988 1690 eimitarione,
1006 1616 1061 1677 hoc
1071 1615 1193 1679 secundo

260 1715 282 1754 a
330 1703 417 1772 aps.»
442 1691 517 1754 libro
538 1692 697 1756 absolutius
718 1695 879 1775 explicare,
900 1696 931 1756 in
953 1713 1081 1758 mentem
1112 1698 1195 1758 venit

339 1772 377 1842 ,ζ’
444 1771 552 1847 vereri,
573 1794 610 1833 ne
631 1794 697 1835 mea
718 1776 777 1835 haec
799 1776 896 1836 omnis
918 1795 1005 1856 opera
1024 1775 1125 1836 frustra
1150 1775 1193 1838 su·

415 1855 416 1858 ’
444 1870 571 1914 meretut
587 1896 597 1927 ,
615 1868 718 1916 ‘never
729 1854 836 1916 cultius
865 1855 978 1917 dicendi
1001 1876 1093 1936 genus
1113 1874 1195 1917 ante·
1270 1885 1278 1899 ν

254 1950 323 1993 uam
345 1928 384 1991 ad
404 1930 489 1994 suurn
510 1932 656 1994 summurn
676 1936 857 2015 perveniret,
878 1950 930 1997 aut
950 1954 1033 2009 meo,
1055 1951 1107 1997 aut
1123 1955 1196 2017 quo·

254 2012 276 2073 it
298 2010 391 2072 etiam
412 2014 521 2081 maiore
540 2011 634 2073 studio
654 2015 797 2075 contineri
828 2016 943 2095 pollet,
971 2016 1043 2096 quin
1072 2034 1195 2095 praeceps

254 2090 267 2153 l
288 2089 374 2152 suum
395 2090 548 2154 interitum
570 2093 777 2155 collaberetur.
800 2096 880 2155 Nam
901 2114 968 2155 cum
989 2094 1052 2155 duae
1069 2096 1123 2155 viae
1140 2094 1195 2156 srnt

254 2170 381 2244 mnino,
409 2170 515 2252 quibus
537 2172 597 2233 haec
624 2170 745 2234 facultas
767 2175 798 2236 ἃ
818 2173 1005 2247 conservari,
1035 2174 1066 2233 ἃ
1096 2174 1195 2250 augeri

254 2249 337 2320 offit3
359 2250 482 2311 docendi
503 2272 563 2313 una
570 2272 583 2321 ,·
604 2251 743 2313 scribendi
766 2253 875 2325 altera3
904 2254 1073 2313 inneutraa
1094 2251 1196 2311 nostris

254 2331 299 2392 rtis
321 2329 442 2410 profici,
464 2329 500 2392 ab
520 2331 689 2393 adversariis
711 2348 807 2392 autem
829 2331 928 2392 omnia
951 2330 1073 2409 praeliari
1086 2329 1199 2469 planis·

255 2431 302 2472 me
323 2408 477 2471 videbam.
497 2412 579 2472 Nam
598 2413 651 2493 qui
666 2432 701 2472 cx
717 2412 818 2472 nostris
836 2411 946 2491 optime
967 2409 1067 2471 docere
1098 2410 1198 2483 ciunt,

254 2506 283 2552 ut
304 2489 368 2559 ejus
388 2489 474 2551 studii
494 2490 623 2552 laborem
645 2492 811 2566 summum,
832 2506 884 2551 aut
907 2489 1115 2570 indignitatem
1138 2509 1199 2551 non

254 2570 391 2632 rinimam
411 2570 521 2632 diutius
543 2568 614 2631 ferre
634 2593 694 2633 non
716 2570 848 2650 possunt.
869 2570 900 2630 Si
922 2570 987 2652 quis
1008 2590 1096 2643 vero,
1114 2569 1197 2640 cujus

254 2670 275 2711 rt
296 2650 398 2711 minus
419 2649 500 2711 lauta
520 2650 580 2726 sit,
607 2672 640 2714 ac
661 2651 786 2731 persona
807 2650 883 2712 ratio
903 2670 966 2711 eam
989 2650 1197 2731 indignitatem

257 2730 308 2790 ihil
329 2745 482 2805 vereatur,
503 2730 573 2791 huic
592 2728 726 2793 facultati
745 2751 832 2812 opem
850 2729 979 2812 aliquam
997 2728 1068 2791 serre
1085 2728 1197 2802 studet3

255 2811 380 2871 ontinuo
400 2825 447 2871 tot
469 2809 516 2870 illi
536 2811 655 2872 adversa
677 2812 872 2884 objiciuntur,
895 2824 928 2871 ut
949 2809 985 2870 ab
1005 2812 1128 2891 incaepto
1148 2809 1197 2869 de·

254 2888 324 2950 dere
346 2905 492 2969 cogatur.
521 2891 602 2950 Nam
623 2908 724 2972 praeter
744 2889 883 2953 mercedis
913 2891 1100 2963 exilitatem,
1131 2908 1196 2971 qua

256 2969 326 3031 tiam
348 2969 381 3029 in
409 2966 647 3050 frequentissimis
676 2970 856 3033 Civitatibus
886 2970 1007 3041 multo,
1032 2988 1122 3050 quam
1144 2988 1196 3047 par

255 3050 292 3123 st,
312 3048 426 3129 semper
447 3049 544 3110 minor
565 3052 681 3123 extitit,
702 3072 735 3112 ea
754 3068 872 3132 quoque
891 3068 980 3129 quam
1000 3046 1198 3127 angustissima

254 3145 285 3189 ut
306 3128 359 3190 suo
380 3144 508 3209 tempore
539 3150 598 3190 non
630 3129 819 3203 dissolvitur,
848 3144 899 3188 aut
929 3128 1019 3188 etiam
1048 3126 1196 3189 interdum

254 3206 446 3299 mprobissrme
465 3209 609 3289 abnegata
628 3211 813 3289 intercipitur
830 3229 839 3281 3
860 3227 927 3269 cum
949 3228 983 3268 ex
1004 3207 1039 3267 iis
1061 3213 1198 3289 quoque,

254 3306 290 3369 [ur
310 3288 444 3363 docent,
473 3290 561 3350 multi
583 3289 653 3370 sape
674 3290 827 3350 stultorum
849 3288 970 3349 Civium
992 3285 1199 3368 improbitate,

254 3382 327 3450 itque
349 3368 534 3449 ignorantia,
555 3370 607 3449 qui
624 3369 787 3430 Austorum
803 3388 904 3430 eorum
926 3367 1197 3449 interpretationem

254 3445 336 3508 beis
358 3446 531 3529 postulant,
561 3448 613 3529 qui
642 3448 721 3530 pejur
750 3448 786 3509 de
815 3449 943 3509 sermone
966 3449 1075 3510 Latino
1097 3447 1199 3507 mereri

254 3544 298 3587 ton
318 3531 453 3609 pollent,
484 3528 608 3608 potius,
635 3547 725 3609 quam
754 3527 783 3588 id
812 3527 921 3589 sceleris
944 3528 974 3588 in
996 3530 1071 3589 hanc
1093 3525 1199 3587 admit-

254 3623 322 3682 ant,
344 3607 427 3669 ludos
444 3607 594 3679 deserunt,
616 3608 672 3670 sese
692 3609 724 3668 in
743 3608 843 3669 otium
857 3606 1028 3681 conferunt,
1048 3627 1066 3665 a
1082 3603 1199 3683 publico

255 3684 293 3746 llo
313 3708 431 3748 munere
452 3688 617 3749 abllinent.
645 3686 700 3749 Sed
722 3686 802 3771 quod
818 3686 989 3749 nobililsimi'
1008 3700 1102 3746 artem
1123 3680 1198 3743 hanc

254 3783 300 3827 ron
320 3766 539 3848 profiteanturr
566 3767 725 3830 mediocres
754 3783 863 3908 αητεηὲ
885 3769 959 3828 hanc
981 3763 1073 3847 ipsam
1093 3760 1196 3828 multis

335 3899 337 3903 .
902 3869 923 3925 4
1112 3862 1156 3904 ra·
