3034 4559
403 479 444 548 30
562 459 1109 530 uertite-Arroni*

354 541 411 611 boc
431 546 513 612 videt
533 544 664 611 acutius?
683 549 749 631 quis
772 550 890 609 inventa
910 546 960 609 suo
981 564 1103 631 quaeque
1118 538 1319 633 loco‘cettiut,

356 625 575 711 disponitiquit
585 626 734 690 ornatius?
765 630 808 691 uis
824 626 986 709 copiosius?
1007 629 1072 710 quic
1081 627 1199 707 gravius
1219 628 1317 709 loquis

355 708 424 770 tut?
444 710 589 791 quiritem
607 726 673 769 cum
690 724 743 769 cau
767 706 948 771 eerorditut
956 702 1070 789 aptius?
1113 705 1157 766 uis
1177 699 1319 791 brevius,

353 787 487 864 suavius,
504 787 653 870 magisque
673 786 798 851 dilucide
807 805 866 849 rem
888 722 1319 876 τοταιηηαῐῐαιιὶὲοεοηῑρίεέὶί-Ι

354 862 422 930 tur?
462 868 506 928 uis
529 866 590 928 suas
610 868 685 930 vires
706 885 794 949 auget
815 861 944 929 sortiusl
975 868 1042 952 quis
1063 863 1217 928 adversarii
1238 865 1319 936 valle

352 948 417 1008 dius
438 888 571 1009 debilitat
588 940 599 1007 l
614 947 693 1037 ¹quis
714 948 786 1011 item
808 944 989 1009 commodius
1011 965 1029 1008 e
1049 942 1197 1035 proposito
1218 941 1318 1088 diffres

1270 1044 1317 1088 τεν.

351 1023 452 1090 ditur?
472 1027 538 1107 quis
559 1022 714 1117 aptiustad‘
735 1027 911 1111 propofitum
934 1024 1026 1088 redit?
1048 1045 1113 1106 quis
1131 1019 1186 1086 boc
1204 1040 1243 1105 po

352 1120 404 1166 mo
432 1105 463 1166 dr
490 1104 594 1186 quibus
624 1122 715 1167 anrmr
737 1103 865 1169 acerbius
886 1106 928 1168 im
950 1102 1075 1170 ellentur
1096 1102 1133 1167 ad
1154 1103 1229 1167 iram
1247 1098 1319 1179 ,du

351 1184 460 1266 quibusv
477 1184 591 1265 impulsi
611 1182 703 1247 lenius
725 1183 763 1247 ad
784 1126 1005 1249 misericordiam
1026 1181 1237 1259 traducantur,
1258 1177 1317 1248 eut'

353 1260 561 1341 miserabilius,
580 1280 632 1326 aut
648 1265 739 1328 acrius
756 1261 929 1356 pertrailet?
947 1265 985 1327 In
1000 1281 1059 1349 qua
1077 1277 1193 1402 quogue
1209 1251 1318 1344 pulte«.

352 1361 402 1405 ma
422 1342 535 1405 dicendi
556 1344 666 1408 virture
686 1361 816 1407 maxime
836 1345 906 1429 quic
927 1341 1000 1407 solus
1021 1344 1141 1406 domina
1161 1358 1256 1419 atur,
1279 1341 1309 1407 in

355 1425 392 1486 iis
411 1421 536 1499 causus,
560 1422 592 1487 in
613 1419 719 1505 quibus
742 1424 837 1505 plures
860 1425 979 1491 Petroni
999 1417 1223 1496 adhiberentur,
1243 1441 1318 1501 earn,

350 1511 452 1566 omnes
473 1501 518 1565 uu
538 1501 774 1574 cuniuutiiffitnis
796 1504 943 1569 sententiis
964 1501 1153 1569 deferebant.
1174 1496 1231 1562 Res
1255 1518 1317 1567 una

349 1584 391 1646 est
411 1584 509 1656 varie,
530 1582 561 1643 ἃ
583 1580 739 1675 multiplex
759 1586 896 1649 oraturia
915 1582 1053 1658 facultas,
1075 1581 1193 1650 ineuius
1213 1579 1318 1666 alique.

350 1675 433 1743 perte
453 1661 505 1745 qui
524 1661 739 1737 excelluerunt,
768 1661 857 1728 multi
885 1663 965 1728 sene,
982 1663 1098 1745 quidem
1121 1675 1314 1748 numerantur

350 1744 507 1813 Oratorem
529 1742 580 1823 qui
596 1756 665 1806 vero
685 1744 851 1808 universam
866 1744 925 1817 ejus
946 1738 1151 1823 perrreuande
1167 1751 1314 1803 renonent

351 1839 368 1885 e
389 1822 485 1903 regie,
506 1837 539 1883 ac
560 1817 681 1903 persesle
701 1824 827 1887 tenuerit
842 1863 852 1899 ,
870 1823 975 1905 cuique
995 1821 1104 1901 primas
1120 1861 1128 1893 ,
1145 1814 1190 1896 ⁴&
1212 1816 1319 1907 secun.

372 1914 426 1975 at,
456 1899 487 1961 δι
514 1898 613 1961 terrine
635 1917 736 1965 omnes
757 1920 817 1965 uno
839 1900 975 1965 consensu
996 1900 1089 1977 facile,
1107 1891 1317 1974 concesserint„

353 1980 430 2045 solus
452 1981 491 2043 est
511 1976 631 2044 cicero.
652 1980 732 2045 Nam
754 1981 775 2043 st
797 1984 828 2043 in
848 2001 878 2045 re
898 1978 1005 2044 humili
1021 1976 1166 2053 versetur,
1189 1985 1258 2037 esur
1277 1983 1317 2042 u'e

352 2076 404 2124 aut
424 2056 567 2124 demissus
589 2055 602 2144 [
622 2075 656 2123 ut
676 2079 729 2144 pat
748 2061 788 2124 est
807 2059 820 2144 ]
841 2057 1001 2143 sequatur,
1029 2076 1079 2125 aut
1108 2054 1128 2122 st
1157 2055 1193 2120 ad
1213 2053 1315 2120 'caud

349 2135 607 2221 amplificationem
628 2140 710 2203 illam
731 2139 822 2222 ipsam
842 2141 930 2205 altius
951 2138 1061 2216 tollet,
1083 2134 1142 2201 dici
1163 2155 1224 2199 non
1247 2131 1305 2218 pol
1314 2143 1316 2148 ’

348 2220 408 2295 set,
426 2236 515 2304 quam
536 2235 692 2301 utrumque
712 2218 800 2285 saciat
820 2217 990 2285 commode.
1012 2211 1049 2281 ln
1072 2236 1183 2299 magne
1203 2235 1274 2279 vero
1290 2209 1317 2300 n,

345 2297 423 2363 idern
446 2301 511 2366 usus
534 2300 665 2376 accidat,
683 2316 734 2365 aut
756 2298 804 2363 hic
825 2317 944 2363 omnent
966 2297 1002 2363 ad
1024 2317 1089 2362 earn
1110 2290 1315 2369 extollendam,

349 2381 490 2443 orationis
511 2383 592 2452 vim,
612 2397 699 2462 atque
722 2380 804 2443 illam
826 2382 918 2468 ipsam
941 2380 1100 2443 luminibus
1118 2371 1253 2440 omnibus
1274 2375 1310 2441 il·

347 2458 522 2524 lustrandam
545 2458 765 2539 splendidiffirne
785 2459 958 2536 adhibebit,
980 2473 1031 2524 aut
1051 2471 1187 2545 preterea
1207 2468 1310 2522 nemo·

347 2540 398 2600 Sin
421 2555 519 2600 autem
539 2553 643 2602 contra
663 2539 722 2605 hrec
744 2542 844 2605 eadem
865 2536 1049 2603 extenuanda
1070 2536 1129 2610 srt,
1158 2533 1233 2599 nihil
1254 2534 1311 2597 hoc

348 2616 507 2692 humilius,
530 2616 606 2685 nihil
625 2615 761 2685 abiesiius
783 2618 899 2682 demitti
918 2617 1036 2698 potell3
1057 2629 1123 2677 cum
1148 2614 1178 2688 in
1201 2626 1309 2695 tempe·

347 2710 412 2757 rata
440 2694 516 2759 nihil
543 2695 717 2761 extrinsecus
746 2698 899 2775 attinget,
926 2715 986 2777 quo
1014 2695 1134 2777 quidem
1155 2694 1248 2775 magis
1271 2690 1313 2758 ad.

347 2774 440 2848 lianc,
462 2786 553 2855 quarn
574 2772 611 2836 sd
633 2773 754 2840 atteram
776 2790 888 2855 partem
910 2774 1047 2837 inclinare
1068 2774 1215 2836 videatur.
1236 2769 1311 2838 Due

348 2852 414 2916 sunt
435 2872 477 2913 res
500 2854 530 2914 in
552 2855 703 2929 Oratore,
732 2871 797 2936 quae
825 2851 870 2915 illi
892 2855 1052 2919 maximam
1073 2852 1188 2916 laudern
1209 2849 1308 2918 afferre

346 2932 462 3003 {olente
478 2931 592 2993 dicendi
615 2934 677 3007 vis,
698 2952 731 2995 ac
752 2932 896 2997 suavitas:
920 2947 985 2996 utta
1004 2935 1175 3018 quatumvis
1195 2932 1225 2994 in
1246 2936 1319 3018 quo'

333 3012 490 3086 extiterit,
509 3014 534 3073 is
554 3027 628 3074 certe
649 3031 772 3094 magnus
793 3007 946 3077 habebitur
966 3016 1091 3077 Orator.
1111 3014 1214 3077 Utrarn
1236 3014 1309 3076 veru'

347 3090 452 3155 Cicero
471 3092 576 3154 certius
591 3092 758 3174 possederit,
779 3094 810 3155 in
827 3093 915 3156 dubio
931 3094 1118 3179 relinquitur.
1140 3089 1219 3156 Nem
1236 3111 1307 3156 cum<

347 3171 432 3245 vult,
454 3173 496 3235 ita
517 3171 682 3235 auditorum
703 3175 819 3238 animos
841 3174 985 3240 suavitate
1045 3170 1179 3246 rsundit,
1202 3188 1235 3237 ut
1256 3190 1305 3233 eos

346 3251 428 3314 omni
449 3250 615 3333 liquefaciat
634 3252 785 3316 dulcedine
803 3276 812 3326 3
842 3271 968 3333 contre,
1009 3275 1018 3316 ι
1039 3251 1136 3325 libet,
1159 3252 1194 3315 stc
1216 3249 1304 3316 altius

346 3346 395 3394 eos
417 3326 491 3409 ipsos
512 3330 641 3412 defigit,
663 3348 695 3397 nt
716 3334 747 3394 in
770 3334 806 3394 iis
825 3334 980 3416 gravitatis
1001 3329 1115 3396 aculeos
1136 3331 1171 3395 ad
1192 3330 1305 3395 diutur-

345 3425 417 3470 num
439 3423 553 3490 ternpus
575 3411 743 3492 relinquat.
765 3416 810 3475 Ac
830 3434 867 3475 ne
888 3411 999 3493 singula
1020 3406 1034 3493 [
1054 3428 1087 3481 ut
1108 3407 1217 3499 cepi]
1240 3431 1304 3492 per·

343 3507 412 3569 gem
433 3487 489 3553 suis
510 3489 641 3554 laudibus
664 3491 790 3567 tollere,
818 3510 882 3575 quae
911 3492 942 3552 in
970 3490 1025 3554 hoc
1046 3507 1105 3553 uno
1126 3506 1226 3551 omma
1248 3490 1301 3553 flo-

343 3581 462 3629 ruerunt
479 3588 488 3640 ;
509 3570 538 3634 id
562 3586 677 3634 tentum
699 3573 803 3634 addam
821 3592 830 3643 ς
851 3572 907 3632 hoc
929 3589 988 3635 uno
1009 3569 1040 3632 in
1060 3568 1166 3659 quovis
1187 3569 1304 3633 dicendi

345 3667 449 3727 genere
467 3648 542 3711 nihil
560 3649 729 3731 perfeelius,
751 3651 826 3713 nibil
844 3648 1127 3723 cumulatius,n1hil
1143 3647 1301 3713 absolutius

344 3744 397 3789 nec
418 3726 527 3790 fartum
548 3729 624 3805 esse,
651 3751 703 3791 nec
724 3730 786 3791 fieri
807 3728 952 3810 potuisse,
981 3726 1116 3811 huncque
1136 3749 1202 3791 eum
1222 3729 1302 3792 fuisse

344 3806 499 3869 Oratorem
523 3826 618 3871 tenere
637 3808 800 3889 possumus,
822 3825 910 3890 quem
929 3810 1076 3871 Antonius
1095 3808 1301 3899 senumquam

1210 3908 1256 3952 vr·
