3034 4559
324 477 362 523 ra
479 461 560 526 DE
591 457 1038 525 ἹΜΙΤΑ-’ΤἼΟΝΕ

278 541 359 612 terius
403 533 461 603 uafi
489 541 618 625 tegulam
635 558 691 603 aut
709 540 858 615 vivendi,
885 557 935 601 aut
963 541 1068 621 agendi
1096 537 1246 604 rationem

279 622 359 682 fuam
381 559 513 704 litigat,
544 637 630 712 atque
652 618 824 682 contendat.
852 623 925 694 Quae
946 639 1013 680 curn
1033 621 1075 679 ita
1095 622 1164 696 smt,
1186 637 1243 697 ur,¹

278 701 419 793 quicquid
440 721 565 781 agatur,
586 700 615 762 id
637 699 673 761 ad
693 699 812 784 alicujus
834 712 933 777 nature
956 714 1007 760 aut
1028 698 1108 774 suae,
1138 717 1189 761 aut
1208 717 1244 761 a*

277 779 363 843 liena
385 781 526 842 rationem
546 780 666 841 omnino
685 778 829 859 agendum
850 777 885 838 sit
902 799 912 849 3
932 778 991 849 jam
1012 778 1183 854 videamus,
1203 801 1239 841 u·

280 873 360 923 trum
382 861 506 920 alienam
534 875 674 932 tantum,
702 877 740 917 an
771 855 897 918 nostram
925 858 1072 938 propriam
1099 858 1242 921 naturam

308 938 552 1019 quemadmodum
573 936 690 1000 anobis
710 935 798 998 initio
812 935 852 997 est
868 936 1072 1025 propositum]
1093 936 1173 1018 sequi
1190 936 1244 999 de-

314 1035 396 1078 amus
418 1017 575 1080 imitando.
597 1019 666 1091 Ac,
686 1015 766 1099 quod
786 1014 822 1077 ad
842 1035 908 1091 eos,
924 1017 976 1100 qui
998 1018 1028 1077 in
1051 1021 1101 1077 lua
1120 1033 1243 1079 tantum

277 1096 383 1177 cuique
403 1098 582 1157 manendum
610 1097 661 1156 elle
681 1095 797 1157 censent
816 1113 945 1172 natura,
973 1094 1079 1177 quibus
1100 1094 1130 1157 id
1151 1117 1240 1187 argu·

277 1176 385 1235 mentis
406 1177 574 1238 convincere
593 1192 764 1251 conentur,
802 1176 911 1237 rimum
931 1175 1099 1238 videamus.
1123 1175 1157 1237 Id
1182 1176 1242 1256 rgi-

278 1268 327 1314 tur
357 1254 401 1314 illi
432 1255 539 1316 duabuu
569 1254 730 1318 rationibus
799 1257 891 1317 tinere
920 1274 1097 1336 magnopere
1116 1270 1242 1317 conten·

277 1332 367 1395 dunt.
389 1335 480 1410 Una,
498 1333 581 1417 quod-
599 1334 743 1397 imitando
764 1334 845 1396 nulla
866 1335 926 1416 sper
947 1335 982 1396 sit
1003 1335 1167 1406 vincendi;
1196 1335 1240 1395 al·

204 1488 210 1499 ,
277 1429 355 1489 tera,
372 1415 450 1498 quod
472 1429 578 1477 natura
599 1415 644 1476 vis
666 1415 746 1477 nulla
767 1435 908 1496 umquam
924 1414 1134 1477 fitafferenda.
1156 1414 1240 1476 Nam

276 1495 356 1576 quod
378 1496 413 1557 ad
434 1492 609 1557 vincendum
630 1496 755 1568 attinet,
777 1495 812 1555 src
833 1510 1089 1575 argumentantur.
1110 1493 1188 1554 Cum
1205 1514 1238 1554 o·

274 1575 354 1636 mnis
374 1575 461 1649 laus,
481 1573 517 1634 ad
539 1591 629 1655 quam
648 1573 769 1656 quisque
789 1573 886 1653 suapte
906 1590 1010 1635 natura
1029 1573 1173 1646 ducitur,
1201 1573 1236 1635 in

274 1673 335 1714 una
363 1653 484 1715 vitioria
510 1651 544 1713 fit
567 1652 685 1734 posita3
715 1654 744 1714 in
775 1651 853 1713 vicio
873 1668 973 1713 autem
994 1652 1071 1712 nihil
1091 1650 1236 1726 honesti,

274 1731 351 1794 nihil
381 1753 440 1794 non
461 1733 621 1813 contempti
650 1732 702 1792 eise
725 1731 885 1802 videatur;
913 1750 948 1792 ea
968 1746 1066 1791 autem
1087 1729 1232 1791 imitatio-

275 1810 321 1873 nie
344 1811 378 1873 srt
399 1811 498 1888 ratio,
518 1831 582 1894 quae
603 1833 621 1872 a
640 1811 766 1874 vicloria
784 1808 947 1890 longiffime
967 1808 1038 1871 absit
1055 1831 1064 1880 3
1093 1808 1236 1891 siquidem

273 1889 411 1954 imitandi
431 1891 556 1958 studium
584 1911 744 1972 numquam
775 1891 802 1952 se
822 1890 858 1951 src
879 1905 987 1964 acuet,
1009 1887 1109 1971 sicque
1130 1889 1237 1951 incita-

274 1969 344 2046 bit,
360 1985 423 2045 ut,
444 1970 523 2053 quod
546 1971 704 2045 imitetur,
725 1972 777 2032 alle
799 1971 830 2032 ui
852 2014 861 2045 ,
890 1969 998 2030 nedum
1018 1968 1153 2049 superare
1171 1969 1239 2050 poi·

211 2101 217 2120 ,.
273 2049 334 2121 fir3
356 2048 435 2131 sequi
456 2050 603 2112 affirmant
618 2094 639 2125 ,.
656 2066 688 2111 ut
708 2051 759 2132 qui
778 1991 855 2111 lanc
877 2069 965 2110 unam
986 2048 1144 2111 villariam
1165 2047 1236 2112 affe·

273 2127 356 2190 flant
371 2172 380 2203 ,
396 2149 490 2268 auam
512 2150 612 2190 omnes
636 2145 742 2191 narurae
764 2131 813 2204 vi,
829 2146 916 2219 atque
934 2126 1061 2219 impulsu
1077 2128 1238 2192 venemenz

274 2223 320 2270 ter
340 2204 395 2270 affe
425 2225 493 2284 ant,
514 2210 550 2271 ad
570 2209 682 2270 nullam
711 2208 835 2271 aliorum
855 2209 1053 2272 imitationem
1079 2227 1129 2269 eus
1151 2229 1239 2300 agere

272 2287 375 2351 debere
401 2291 521 2371 magis,
549 2309 638 2371 quam
658 2289 695 2351 ad
724 2289 803 2351 suam
825 2288 989 2370 propriam.
1017 2290 1098 2350 Nam
1119 2304 1189 2351 artis
1211 2291 1238 2351 i·

271 2367 440 2430 miratorem
460 2370 576 2450 perinde
598 2388 683 2449 agere
702 2368 828 2443 dicunt,
850 2385 938 2451 atque
956 2366 1007 2430 ille
1029 2367 1151 2443 Pleion,
1180 2371 1237 2451 qui

274 2446 332 2509 suis
354 2448 496 2511 coloribus
516 2447 636 2518 alicujus
661 2449 702 2510 rei
724 2449 883 2529 imaginem
903 2447 1061 2529 exprimere
1081 2463 1203 2509 conatur
1224 2467 1236 2510 r

272 2526 325 2609 qui
347 2546 507 2617 numquam
529 2542 643 2588 tantum
664 2528 836 2601 artificium,
853 2546 1014 2616 numquam
1034 2540 1148 2586 tantam
1164 2547 1236 2591 cum

273 2625 365 2668 manu
385 2606 570 2689 diligentiam
593 2604 755 2680 adhibebit,
773 2622 805 2667 ut
821 2604 857 2666 ad
879 2605 908 2665 id
929 2603 1074 2665 imitando
1091 2619 1152 2665 tam
1167 2625 1236 2685 pro.

273 2703 310 2767 pe
329 2685 467 2760 accedat,
490 2686 563 2768 quin
584 2684 612 2745 ei
634 2683 743 2763 semper
764 2686 800 2746 ad
821 2684 975 2745 veritatem
996 2683 1091 2745 multo
1113 2684 1236 2764 supersit

273 2765 399 2845 amplius
418 2787 427 2835 ;
447 2765 499 2847 qui
519 2765 539 2826 sr
561 2779 662 2825 contra
684 2762 796 2838 libere,
824 2778 910 2845 atque
932 2783 967 2823 ex
988 2763 1038 2826 sua
1058 2779 1180 2839 mente,
1200 2767 1233 2832 δι

273 2844 450 2917 voluntate,
471 2859 504 2905 ut
523 2844 551 2904 ei
573 2842 667 2922 magis
687 2842 857 2916 videbitur,
878 2842 991 2924 aliquid
1004 2862 1025 2904 a
1042 2841 1070 2904 so
1090 2841 1231 2925 effingat,

273 2923 361 3003 longe
380 2921 493 2983 facilius
515 2922 683 3001 contingere
703 2921 807 3002 polle,
834 2937 867 2983 ut
888 2942 952 2983 eam
973 2920 1087 2983 laudem
1108 2923 1235 3013 essequa·

246 3066 249 3070 ,
272 3018 345 3075 tur,
368 3022 456 3083 quam
479 3002 571 3064 alium
590 3000 734 3082 sequendo
755 3021 915 3083 numquam
937 3000 1092 3093 attigiilet.
1119 3002 1186 3065 Pari
1205 3006 1230 3066 i·

273 3096 335 3142 tem
354 3083 465 3143 rarione
485 3081 516 3144 in
539 3101 574 3143 eo
595 3100 670 3164 equo
690 3078 801 3144 faciunt
819 3094 829 3156 ',
848 3082 901 3163 qui
921 3080 1036 3143 liberior
1055 3101 1090 3143 err
1110 3084 1230 3144 carceri·

274 3158 327 3221 bus
350 3160 405 3221 sese
424 3162 455 3223 in
478 3159 590 3223 cursum
610 3180 723 3241 agens,
752 3160 861 3244 quique
881 3161 968 3223 nullis
989 3159 1108 3222 habenis
1131 3161 1230 3224 obliti*

272 3237 361 3312 dius,
383 3239 428 3301 sed
449 3240 600 3320 suopte&
619 3242 717 3314 cursu,
732 3241 763 3302 dc
782 3241 875 3304 studio
896 3240 933 3302 ad
952 3239 1231 3321 vincendi'gloriarn

275 3317 317 3377 im
339 3317 440 3393 ulsus,
462 3339 527 3380 eam
547 3319 643 3380 multo
664 3319 777 3383 facilius
795 3321 971 3401 allequetur,
986 3339 1077 3402 quarn
1119 3320 1149 3383 ui
1164 3321 1230 3384 dor,

273 3396 305 3458 so
319 3339 473 3458 lominen
494 3396 591 3473 ferar,
613 3400 743 3481 aequasi
765 3400 800 3462 ad
821 3403 880 3471 ejus
902 3400 1045 3461 rationem
1117 3421 1166 3462 em
1178 3420 1232 3482 po·

273 3496 340 3538 nere
361 3493 497 3557 cogatur.
518 3480 598 3540 Nam
615 3480 666 3559 qui
687 3480 717 3540 in
738 3477 885 3544 scribendo
906 3478 1012 3559 stylum
1029 3478 1130 3556 suurn,
1147 3479 1232 3545 suum

274 3556 427 3636 ingenium
447 3557 580 3640 sequatur
603 3574 716 3620 rantum
737 3602 746 3632 ‚
767 3560 818 3642 qui
840 3574 948 3620 naturae
969 3559 1025 3621 suan
1042 3559 1123 3642 quasi
1143 3560 1230 3624 velli·

275 3635 331 3715 giis
360 3653 484 3712 currat,
513 3659 572 3698 non
594 3637 631 3697 ad
653 3637 771 3700 alterius
799 3639 940 3699 rationem
969 3637 1023 3700 lese
1052 3655 1147 3721 agat,
1176 3655 1229 3704 aut

273 3715 429 3795 quicquam
451 3716 580 3779 attendat
602 3716 753 3790 alienum,
783 3716 869 3799 longe
889 3738 953 3778 eam
973 3716 1116 3794 laudem,
1136 3725 1229 3802 quam

274 3809 374 3860 omnes
401 3797 475 3864 mire
502 3796 680 3886 principatus
706 3795 843 3862 affectant
859 3840 874 3900 ,ι
898 3795 1009 3864 facilius
1038 3797 1231 3942 aliecutuffrum
1296 3883 1297 3889 ἵ

1134 3900 1149 3951 G
1170 3898 1187 3950 θ
