3034 4559
313 436 354 504 54
471 415 549 481 Da
587 414 1020 480 ΙΜΙΤΑΤΙΟΝΕ

270 516 359 586 ptum
378 494 567 564 frulle‘nemo
586 518 647 560 non
666 496 771 559 videt.
801 495 967 560 Antonium
987 496 1023 557 io'
1039 493 1148 557 Senatu
1167 510 1234 578 grat

270 577 385 648 aillime
406 624 417 654 ,
444 599 478 642 aa
501 577 646 661 perpetuis
665 574 861 640 Orationibus
876 575 1051 638 acerbiffime
1072 576 1150 637 idem
1171 596 1237 637 erta-

271 660 350 742 gitat
370 658 497 720 Cicero.
526 657 600 733 Quis
628 677 664 720 eu
685 656 731 720 his
754 656 851 731 locis,
880 656 931 739 qui
959 658 1093 737 aliquant
1113 656 1237 736 diligen-

268 741 345 802 tiam
377 737 539 811 adhibeat,
567 736 664 800 multa
684 736 715 799 in
744 736 831 797 simili
850 735 944 797 cauffo
964 735 1015 797 fibi
1049 756 1109 797 non
1131 736 1238 800 sentiat

271 809 377 882 habere
398 818 433 882 ad
458 814 663 883 imitandum?
693 816 730 878 ln
750 816 908 879 Vatinium
931 816 1031 877 testem
1051 816 1153 877 omnia
1170 834 1240 877 eon·

272 898 356 979 gessit
376 895 505 962 hominis
527 894 710 976 impurillrmi
729 894 877 958 crimina.
907 894 944 956 ln
967 896 1102 957 Pisonem
1122 895 1239 955 inuehi·

274 992 324 1052 tur
346 992 433 1040 tauto
452 976 546 1041 animi
568 979 707 1056 impetu,
736 991 800 1038 tarn
821 976 903 1047 acti,
936 997 969 1038 ac
989 974 1130 1036 constanti
1153 992 1238 1037 accu-

272 1055 413 1131 satione,
444 1073 506 1118 tarn
527 1074 666 1137 perpetua
686 1056 826 1118 scelerum
846 1056 982 1116 omnium
1001 1053 1206 1115 criminatione
1226 1094 1236 1129 ,

274 1152 388 1217 quanto
408 1136 552 1216 nusquam
573 1137 645 1198 alias
666 1136 758 1200 acrius
778 1134 965 1214 ..Catilinam
987 1134 1170 1196 teterrimum
1186 1133 1237 1195 Ci·

274 1233 343 1280 vem
353 1234 412 1277 non
421 1216 502 1355 prius
514 1215 671 1278 insedandi
683 1214 770 1277 finem
780 1212 848 1277 flacit
864 1259 876 1289 ,
893 1234 981 1295 qnam
1002 1234 1069 1275 eum
1081 1233 1116 1276 ex
1123 1212 1239 1275 Uibee·

274 1294 400 1369 jecerit3
442 1294 531 1358 ollem
552 1296 710 1367 judicarit.
739 1299 813 1368 Qua
830 1292 941 1373 stugrda
957 1295 1020 1374 pari
1042 1294 1158 1354 ratione
1178 1310 1238 1355 non

277 1393 371 1457 pauca
391 1374 529 1449 afferent,
550 1374 745 1457 qnaeptudens
757 1373 807 1436 fibi
829 1370 1088 1435 sumatimnarori
1100 1371 1239 1447 Quidau·

199 1524 204 1533 ¹
277 1472 339 1516 tem
360 1454 391 1514 in
401 1454 559 1535 Ligariana
580 1456 674 1518 ironia
695 1450 765 1515 illa?
788 1455 818 1516 in
832 1452 1009 1516 Cluentiaoa
1027 1452 1122 1513 safflae
1144 1453 1186 1513 ini

276 1531 422 1600 dicilsrmae
445 1534 705 1598 aesceleratillimae
726 1531 857 1595 foemina
871 1530 1071 1613 turpitudine?
1093 1532 1169 1623 quid
1228 1563 1241 1581 ·

274 1612 382 1686 iotari?
402 1611 474 1695 quid
490 1611 600 1678 colii?
643 1614 692 1675 uid
710 1613 840 1690 Murenae
855 1610 1019 1675 defensione
1036 1610 1150 1674 faciliter
1172 1610 1239 1672 adi·

276 1690 462 1760 uitandum?
485 1691 578 1773 Prope
598 1634 714 1757 inffinita
735 1692 894 1754 suntiono
911 1711 1015 1773 genere
1037 1692 1150 1773 reliqua
1165 1729 1185 1766 ,v
1203 1709 1238 1751 et

274 1771 382 1854 quibus
405 1772 436 1834 io
456 1772 519 1911 pati
539 1774 632 1835 caussa
657 1771 752 1836 multa
776 1772 880 1853 cuique
909 1771 1175 1858 suppeditabuntur
1202 1767 1237 1831 ad

279 1870 343 1912 eam
366 1869 455 1914 cumu
468 1868 540 1924 ate,
570 1869 659 1933 atque
681 1850 827 1932 splendide
854 1852 1072 1932 perorandum
1099 1870 1165 1933 qua
1179 1868 1237 1930 ego

275 1926 429 1997 brevitatis
450 1930 663 2012 cauffafingula
680 1950 739 1993 non
756 1930 931 2012 persequor.
953 1931 1041 1993 Certe
1062 1952 1098 1992 ex
1115 1928 1240 1991 senefia·

276 2009 316 2074 tis
337 2007 513 2085 defensione,
530 2028 582 2073 aut
590 2031 625 2073 ex
641 2011 777 2074 amicitia
795 2010 978 2085 laudatione,
995 2011 1096 2097 siquid
1120 2010 1169 2074 cui
1186 2027 1236 2089 pet

276 2105 330 2152 aut
350 2087 587 2165 defendendum,
614 2108 665 2152 aut
686 2090 864 2154 laudandum
884 2090 1026 2163 accidat,
1049 2109 1189 2169 magnam
1208 2087 1237 2149 s

276 2165 307 2230 bi
327 2167 533 2249 supelledlilem
555 2170 694 2234 conficere
715 2171 825 2250 poterit
839 2201 851 2229 .·
868 2170 1054 2245 Avaritiam,
1074 2170 1237 2242 luxuriam,

272 2248 465 2338 eupidirarem
488 2249 519 2314 itt
542 2248 695 2314 Patadoais
718 2250 873 2313 detestatur
893 2250 1043 2311 ardentius
1063 2292 1073 2324 ,
1095 2247 1235 2339 nusquam

276 2348 309 2392 tn
331 2345 434 2394 catera
452 2329 529 2394 vitia
548 2329 577 2393 se
596 2345 658 2394 tarn
679 2328 796 2392 facilem
817 2328 899 2392 nobis
920 2329 1042 2411 praebuit
1063 2328 1102 2391 ad
1120 2329 1238 2400 imitan-

274 2408 373 2474 dum.
401 2408 446 2470 De
468 2409 682 2474 contemnenda
702 2412 775 2472 item
795 2426 890 2471 morte
907 2453 918 2483 ‚
936 2408 974 2470 de
993 2408 1093 2470 dolote
1113 2405 1237 2472 toletan·

275 2486 316 2554 do
332 2487 384 2552 iste
400 2488 460 2569 ipse
475 2485 635 2552 felicissime
651 2489 759 2569 scripsit
777 2534 785 2549 .
807 2489 836 2551 Si
852 2489 899 2550 cui
915 2487 950 2550 de
965 2489 1055 2550 exilio
1070 2488 1136 2569 pari
1151 2488 1236 2549 ratio·

276 2587 314 2636 oe
330 2567 511 2641 tolerando,
537 2567 573 2629 de
590 2567 714 2633 orbitate
730 2609 741 2641 ,
759 2568 966 2644 decoritate,
986 2589 1018 2630 ac
1029 2566 1069 2629 tle
1085 2569 1195 2634 cantu
1210 2586 1237 2628 e·

275 2646 321 2720 ius
338 2646 449 2726 generis
466 2646 552 2711 maht
571 2648 637 2710 nsua
652 2646 771 2711 scrihere
794 2648 922 2723 ueniat,
949 2648 1025 2709 unde
1049 2647 1073 2707 ir
1095 2647 1235 2729 aptiorem

276 2726 436 2804 imaginem
455 2767 465 2798 ,
495 2745 584 2805 quam
607 2726 768 2808 sequatur,
798 2725 950 2790 habiturus
966 2728 1026 2801 stt,
1048 2748 1110 2788 noo
1127 2725 1236 2790 video.

277 2804 306 2867 E
327 2804 422 2893 iturus
439 2802 639 2884 inuoluptate
657 2805 805 2868 summum
818 2804 929 2870 bouum
945 2808 1057 2888 pouit‚·
1076 2801 1235 2868 Stoicutin

321 2904 339 2946 a
355 2898 465 2946 virtute
487 2884 592 2948 acriter
607 2884 660 2948 elle
682 2885 862 2948 convincit:
888 2886 998 2952 horum
1020 2885 1177 2968 utriusque·
1194 2904 1236 2945 ta·

276 2962 390 3026 tionem
407 2962 510 3024 Cicero
533 2964 675 3054 egregie,
698 2981 732 3026 ut
748 2965 859 3047 reliqna
883 2967 1006 3041 omnia,
1028 2966 1234 3057 persequitur,

276 3041 373 3112 Hujus
437 3042 534 3106 uidem
559 3044 618 3106 loci
640 3044 827 3125 imaginem,
857 3045 878 3108 si
901 3045 974 3108 milri
997 3061 1064 3107 utra
1088 3062 1155 3107 vita
1177 3043 1234 3107 lau·

275 3121 402 3185 dabilior
443 3140 454 3186 t
472 3165 481 3197 ,
501 3143 539 3186 an
557 3141 620 3207 quae
639 3124 669 3186 in
685 3125 797 3188 deliciis
813 3122 928 3200 otiose,
956 3143 988 3187 ac
1009 3126 1172 3205 nequiter,
1199 3141 1234 3186 an

274 3219 340 3348 Epa
358 3221 408 3281 per
426 3202 539 3266 summa
562 3223 657 3266 tetum
674 3203 801 3284 pericula
824 3225 893 3269 cunt
907 3204 1017 3267 virtute
1036 3204 1208 3266 traducatur
1223 3242 1234 3276 ,

308 3280 323 3339 s
340 3279 480 3344 orandum
502 3283 612 3346 aecidat
631 3328 639 3356 ,
661 3285 747 3346 facile
768 3283 843 3347 milti
864 3300 960 3348 totam
979 3281 1232 3347 accommodabo·

275 3360 304 3428 Α
348 3358 411 3447 suos
431 3358 614 3426 familiariter
635 3363 749 3434 seribi13
770 3384 836 3426 eum
858 3365 1035 3445 principibus
1060 3364 1144 3425 Viris
1162 3363 1233 3426 lunt*

275 3454 326 3500 ma
345 3453 436 3499 etiarn
458 3456 525 3501 cum
546 3439 691 3522 dignitate
711 3460 761 3523 per
782 3443 879 3508 literas
901 3444 993 3523 egit3
1020 3445 1051 3506 iu
1077 3445 1116 3505 iis
1135 3459 1234 3508 annot

274 3517 400 3591 solatur,
420 3520 624 3593 commendat,
646 3522 796 3595 hortatur,
817 3523 1022 3604 conqueritur,
1041 3523 1233 3603 expostulat,

275 3595 458 3739 pratulatur,
480 3598 638 3688 &reliqua
656 3602 684 3662 id
695 3621 811 3691 genus,
830 3621 896 3744 qua
912 3622 961 3681 per
978 3602 1078 3678 literas
1099 3602 1175 3666 effici
1194 3597 1233 3662 so·

287 3692 362 3750 ent,
383 3695 458 3738 unus
479 3698 579 3739 omnia
600 3699 774 3761 exequitur.
805 3682 832 3742 A
874 3701 963 3761 quam
987 3681 1126 3744 scribendi
1148 3680 1233 3744 ratio

274 3774 342 3821 nem
360 3756 428 3820 boni
445 3778 546 3822 ornnes
573 3759 651 3822 suam
667 3782 783 3844 qnoque
807 3762 838 3826 iu
857 3760 1010 3826 [miltrudis
1029 3763 1160 3843 epillolia
1179 3759 1232 3822 sot·

1113 3860 1194 3903 inam
