3034 4559
471 362 532 440 JO.
553 361 774 423 BAPTllTAE
801 361 955 424 PIGNAE.
1103 383 1161 436 m

236 441 364 524 ceperint
379 456 399 516 ,’
410 440 446 503 iis
467 442 554 521 lignis
577 440 774 529 existimamus
791 484 801 514 ,
821 461 885 523 quae
903 442 1048 505 habentur
1066 448 1210 536 potiores*

233 540 319 601 prout
341 522 454 602 possunt
474 519 603 582 inferiori
624 539 656 580 in
677 521 732 584 hoc
754 520 837 583 Orbe
851 522 1003 603 cognosci.
1024 525 1095 590 Fuit
1115 528 1196 594 enim

234 602 400 683 Religionis
434 597 721 675 observantiffimus,
758 600 913 683 omnesque
950 602 1012 668 suas
1042 604 1199 682 aulones,

232 679 379 760 pramiffis
409 680 570 754 omnibus,
599 700 664 762 quae
692 679 729 742 ad
757 681 902 746 Divinum
931 682 1075 759 cultum,
1104 684 1137 749 δι
1157 686 1196 750 ad

231 753 402 823 Christiana
422 762 540 841 pietatis
560 760 633 824 ritus
655 758 809 825 servandos
830 761 1004 837 attinerent,
1025 762 1082 827 sem
1104 783 1134 827 er
1150 764 1198 826 in·

229 839 379 914 choabat,
401 838 586 921 proferebat,
608 838 799 920 perficiebat,
827 841 911 923 eique
932 843 1032 906 omnia
1052 863 1068 905 e
1091 863 1107 907 e
1126 862 1195 925 pro-

230 916 298 979 sana
327 919 546 1001 profitebatur,
575 939 640 1001 qua
662 939 680 980 a
709 920 831 1000 pulchro
851 921 908 987 hoc
929 922 1064 989 instituto
1082 922 1205 991 recedo.

229 1015 322 1074 rent,
343 1020 377 1062 ac
400 1015 551 1081 tamquam
573 999 740 1080 exemplum
760 1000 818 1061 suis
840 1000 956 1081 populis
978 1021 1014 1067 ex
1054 1000 1139 1068 ficum
1160 1020 1200 1064 u·

228 1077 355 1141 niversos
377 1079 408 1140 in
430 1078 458 1141 se
479 1078 695 1154 contrahebat,
712 1099 838 1162 quorum
859 1079 959 1146 salutis
976 1124 985 1156 ,
1013 1022 1078 1146 Boeo
1100 1078 1206 1162 auspi·

228 1176 276 1235 ce,
294 1157 397 1223 auilor
416 1157 641 1222 innumerabiles
661 1159 847 1240 sempiternas
866 1160 1023 1240 proborum
1041 1161 1118 1229 vitas
1133 1179 1204 1231 anu·

226 1237 412 1317 plexabatur.
441 1241 573 1306 atvero
602 1239 660 1301 sive
680 1238 800 1302 amabili
823 1238 951 1305 sermone
979 1239 1042 1326 pios
1064 1240 1196 1321 alloque-

227 1333 306 1380 retur
335 1318 494 1393 homines,
525 1319 582 1380 sive
603 1338 740 1399 pauperes
762 1319 844 1396 larga
872 1319 1044 1399 elargitione
1064 1317 1195 1379 subleva·

226 1407 268 1458 ret
291 1441 301 1470 ,
331 1396 388 1458 slve
407 1398 484 1460 inter
504 1396 634 1478 scopulos
656 1400 688 1459 in
709 1398 857 1460 Catholici
880 1398 1036 1477 Dogmatis
1057 1395 1198 1463 fluuibuc

225 1474 316 1542 Urbes
339 1475 400 1535 suas
422 1476 517 1541 sanbie
541 1493 650 1558 tegeret
666 1521 677 1551 ‚
695 1477 762 1559 quis
785 1497 906 1546 eocum
929 1474 1101 1538 Coelestibus
1121 1495 1193 1537 con·

224 1551 367 1624 iunctior?
389 1556 471 1622 Nam
491 1556 737 1639 quemadmodum
758 1576 811 1620 vas
831 1601 842 1632 ,
894 1556 952 1620 uod
973 1554 1139 1622 suaviffimo
1158 1574 1204 1617 οι-

224 1632 293 1697 dore
317 1632 489 1711 imbuetur,
509 1652 623 1717 oportet
643 1636 694 1699 esse
715 1636 796 1720 prius
816 1576 969 1711 nitidum,
988 1635 1128 1717 nullaque
1148 1633 1193 1696 la·

225 1711 257 1779 be
279 1714 494 1796 inquinatum,
524 1718 567 1779 ita
589 1716 727 1780 Hercules
756 1717 868 1788 Divina
888 1716 984 1801 gratia
1004 1712 1192 1783 illuslrandus

224 1813 241 1854 a
266 1814 304 1855 co
327 1793 528 1873 stationibus,
558 1795 777 1887 adilonibusque
803 1797 860 1863 suis
888 1797 1030 1861 continuo
1058 1793 1194 1858 tenebras

201 1941 203 1943 ,
221 1816 325 2011 proculi
343 1872 503 2016 fundebpt3
525 1875 560 1937 iis
580 1893 656 1938 cette
669 1877 792 2018 1ιἐιάιίῗῖ,
811 1896 847 1940 eo
870 1877 1048 2017 splendore,
1064 1892 1104 2019 pt
1116 1875 1192 2015 gius

222 1957 1112 2122 ldxibblrbbsltbrdpierriidduibnididtiilibssifint’nobiobtldbimde
1133 1973 1195 2093 ebt·

221 2109 352 2180 beretut.
375 2113 540 2178 immortali
561 2135 631 2177 vero
651 2112 759 2189 fama,
788 2113 858 2179 dum
879 2114 974 2176 adhuc
994 2112 1126 2176 mortalis
1147 2107 1191 2171 es-

222 2189 289 2265 set,
309 2190 473 2258 fruebatur.
497 2191 625 2260 Videbat
645 2194 751 2268 enim,
772 2194 800 2254 se
823 2210 887 2258 tum
928 2212 1005 2267 ace,
1025 2208 1090 2254 tum
1110 2188 1192 2260 bello

220 2272 328 2350 optimi
359 2273 500 2353 Principis
520 2290 615 2354 partes
638 2272 812 2346 absolvisse,
842 2273 873 2335 δι
904 2292 963 2353 aepe
983 2272 1015 2337 in
1037 2268 1121 2332 rebus
1141 2287 1190 2331 ar·

220 2348 285 2414 duis
321 2371 382 2413 non
411 2352 514 2428 levia,
538 2354 583 2421 sed
603 2352 677 2415 dura
696 2353 823 2431 pericula
843 2352 1006 2433 superasse,-
1057 2348 1114 2412 uod
1133 2344 1200 2411 vel.

218 2429 587 2515 primo„difficillimoque
606 2433 666 2504 eius
688 2432 868 2512 Principatus
890 2432 1016 2515 ingressu
1032 2369 1119 2494 sacua
1137 2425 1189 2518 de·

219 2510 370 2586 claretur,
391 2532 459 2576 cum
480 2514 589 2577 scilicet·
608 2512 727 2580 Caesaris
747 2512 915 2588 sententia,
943 2530 1035 2594 quam
1063 2507 1100 2573 de
1119 2526 1200 2584 urus

218 2589 307 2651 versae
328 2590 553 2661 huiusDitionis
574 2592 714 2674 potestate
734 2592 912 2674 protulerat,
933 2612 952 2654 a
971 2590 1126 2655 Clemente
1141 2604 1187 2649 re·

218 2669 347 2745 cusata,
376 2689 529 2757 creatoque
557 2673 649 2737 Paulo
675 2673 782 2736 Tettio
803 2672 888 2739 Pont.
909 2673 992 2738 Max.
1015 2664 1186 2751 Alphonsus

215 2748 276 2817 eius
299 2750 421 2813 Patere
445 2755 507 2820 vita
527 2753 659 2818 decessit.
683 2754 737 2815 Pet
756 2753 813 2816 hoc
832 2754 912 2815 enim
934 2768 1049 2843 tempus
1071 2749 1184 2812 Hercu·

216 2826 257 2894 les
279 2828 319 2892 ob
338 2830 380 2891 sui
400 2833 496 2914 Regni
516 2836 708 2907 novitatem,
728 2854 761 2896 ac
783 2833 854 2896 novi
876 2831 1026 2896 Pontificrs
1043 2832 1186 2909 Regnum

215 2906 245 2969 in
265 2908 439 2991 graviffimo
458 2911 621 2975 discrimine
641 2911 821 2979 versabatur.
843 2914 886 2974 Ut
905 2932 976 2973 vero
990 2913 1119 2994 Romam
1136 2925 1195 2987 per·

213 2988 289 3067 tiit,
319 2989 443 3052 Paulum
472 2991 512 3054 est
532 2993 676 3058 allocutus
694 3012 703 3063 ;
735 2990 894 3071 Neapolim
916 2990 1068 3070 perrexit,
1089 2987 1199 3050 Caro.

212 3065 278 3135 lum
308 3071 474 3143 convenit3
504 3088 536 3134 ut
564 3069 647 3138 rebus
670 3069 794 3136 adversis
821 3069 937 3136 sortiter
957 3065 1123 3133 adversatus
1142 3082 1194 3130 exv

212 3147 362 3213 nodorum
392 3150 550 3217 involucris
571 3149 686 3225 evasit,
714 3170 856 3232 maguum
885 3149 940 3212 suae
960 3146 1118 3230 prudentie
1137 3161 1195 3207 te-v
1227 3219 1232 3228 ι

211 3227 387 3296 stimonium
415 3230 568 3312 prebuit,
596 3230 883 3314 repedationemque
903 3230 1066 3296 maximam
1085 3227 1192 3291 conci·

210 3308 317 3385 tavit,
336 3329 401 3393 qua
421 3310 458 3374 ab
477 3312 544 3379 altis
566 3310 643 3375 hisce
663 3311 808 3374 radicibus
828 3310 932 3374 edulia
952 3308 1119 3391 supremum
1136 3325 1197 3373 at-·-

210 3388 284 3470 tigit
305 3409 463 3457 cacumen·
484 3390 622 3475 Negotiis
642 3410 713 3455 vero
733 3411 801 3455 cum
822 3391 952 3454 Henrico
972 3389 1010 3454 ad
1029 3388 1179 3455 Taurinos

208 3485 378 3550 opportune
396 3469 559 3547 comedis,
579 3469 663 3534 nulla
682 3472 801 3534 Calatis
821 3471 1003 3553 suspicione,
1030 3470 1083 3551 qui
1151 3491 1179 3531 r·

211 3565 303 3627 petuo
334 3549 421 3612 illum
444 3550 494 3613 s1bi
522 3552 650 3615 amicum
679 3552 879 3634 predicavit,
906 3548 1029 3613 Brixillo
1056 3550 1088 3610 in
1108 3490 1193 3616 bdfli'

211 3630 354 3720 angustiis
375 3628 562 3717 libentissime
582 3632 782 3723 illintradito‚
802 3633 897 3724 itaut
916 3626 1095 3694 admirabilis
1113 3629 1178 3719 'hare

211 3704 301 3771 suerit
330 3708 468 3776 Herculis
489 3729 729 3856 equanimiter&
748 3711 779 3853 ξι
800 3728 887 3776 terrra
906 3710 1038 3800 quedam
1059 3728 1180 3851 teffipm·
