3034 4559
177 289 184 424 l

334 448 1050 528 coMPcsctNonrnAcuNDr,A.
1102 469 1155 535 123

235 529 355 608 referre,
397 551 440 593 uae
460 531 675 613 prudentiffimi
691 531 757 592 Viri
778 532 814 593 de
830 533 885 593 hac
901 532 963 613 ipsa
976 532 1069 595 animi
1083 551 1194 615 pertus·

238 610 356 675 batione
375 551 500 685 insere,
522 631 582 694 quo
604 610 730 673 breviter
749 609 890 692 perfetio,
910 612 947 673 ad
967 615 1094 677 nostrum
1117 614 1196 677 inlli-

236 708 337 754 tutum
360 705 563 753 revertemur.
584 691 736 753 Continuo
756 692 847 772 igitur
869 689 915 753 illi
935 692 994 754 duo
1015 689 1145 767 faciunt3
1166 693 1195 756 1-

231 786 292 833 ram
308 770 458 842 altemm3
480 766 664 833 iracundiam
680 770 819 834 alterum.
840 767 918 832 Iram
940 792 1009 833 vero
1022 772 1116 833 animi
1132 791 1195 854 pcr-

232 850 438 913 turbationem·
461 851 516 911 else
536 850 665 926 dicunt,
690 867 756 933 quae
783 847 889 932 quibus
910 845 947 912 de
973 850 1099 924 caullrs,
1126 851 1192 934 qui·

230 928 283 992 bus
311 928 481 991 hominibus
501 929 608 1005 decet,
640 950 673 991 ac
703 929 975 1013 quemadmodum,
1005 929 1154 1013 quomodo
1181 972 1192 1006 ,

227 1025 260 1072 ac
279 1008 531 1092 quandiu-decet,
552 1009 696 1081 noscitur3
739 1030 782 1072 uae
797 1008 835 1071 ab
850 1030 900 1085 ea,
919 1028 1010 1092 quarn
1025 1010 1109 1091 supra
1123 1030 1191 1076 cum

227 1090 341 1153 virnrte
355 1088 576 1164 conjunximus,
598 1109 700 1180 parum
738 1091 817 1154 'stare
833 1092 969 1165 videtur,
987 1090 1105 1172 quando
1122 1110 1191 1152 eum

227 1168 401 1244 hominem,
420 1170 473 1259 qui
490 1170 543 1231 hac
561 1169 654 1230 animi
669 1170 867 1232 commotione
882 1168 1059 1246 adiceretur,
1081 1169 1190 1232 Virum

226 1246 364 1323 mnam,
414 1268 444 1310 ur
464 1268 553 1323 non,
573 1248 700 1329 lapidem
727 1270 766 1330 ap
802 1247 898 1321 ilent;
918 1247 1104 1312 iracundiam
1121 1269 1192 1312 vero

225 1345 290 1389 eam
311 1326 369 1388 effe
387 1268 508 1403 dicunt,
529 1348 593 1418 qua
615 1328 692 1391 hisce
707 1269 801 1392 nuliise
817 1327 948 1390 terminis
970 1344 1109 1391 contenta
1124 1325 1190 1391 lon·

223 1409 289 1489 gius
312 1405 448 1482 effertur,
469 1408 678 1490 hominemque
698 1408 730 1469 in
746 1407 872 1469 furorem
888 1405 1000 1469 inducit
1010 1430 1019 1479 3
1037 1428 1129 1490 quam
1145 1407 1189 1470 ita

224 1484 325 1548 afferre
346 1486 500 1563 videntur,
522 1506 554 1549 ut
576 1507 643 1549 cum
663 1485 835 1549 fortitudine
849 1507 915 1550 eun
932 1486 1038 1557 conjun
1059 1507 1105 1548 ere
1126 1505 1186 1548 non

224 1565 379 1640 dubitent,
395 1569 477 1635 cuius
498 1584 595 1629 cotem
616 1565 707 1629 etiam
727 1564 900 1655 appellant.
920 1565 956 1628 Id
977 1586 1018 1647 qu
1076 1585 1107 1627 te
1126 1563 1188 1646 ipsa

224 1643 307 1708 facile
328 1648 408 1706 cerni
426 1647 554 1722 dicunt,
582 1645 669 1709 utin
698 1646 931 1729 gladiatoribus,
958 1646 1011 1728 qui
1040 1643 1130 1728 usque
1148 1665 1185 1708 co

224 1724 270 1786 lan
318 1724 394 1798 do,
423 1745 457 1787 ac
480 1727 562 1788 molli
583 1727 703 1789 brachio
723 1742 883 1807 pugnant,
910 1725 1009 1808 quoad
1030 1726 1115 1787 unius
1137 1725 1194 1787 irat

290 1806 348 1867 erit
368 1804 536 1945 imgulsust
556 1802 605 1868 ubi
626 1825 695 1868 vero
714 1825 781 1868 eam
800 1806 1008 1896 conceperint,
1028 1803 1104 1868 nihil
1124 1822 1187 1867 non

223 1883 354 1960 strenue,
376 1886 406 1945 ni
430 1886 452 1946 il
472 1905 531 1947 non
552 1884 667 1948 fortiter
687 1899 816 1967 gerunt.
838 1887 904 1947 Pan
926 1885 998 1947 item
1018 1882 1185 1947 rationein

223 1965 351 2027 Oratore
370 1965 433 2026 fieri
453 1965 658 2037 contendunt3
686 1983 721 2027 ut
746 1966 801 2047 qui
823 1966 877 2027 hac
896 1963 973 2026 nihil
993 1960 1112 2028 alfenus
1132 1963 1184 2039 stt,

222 2035 345 2121 sedate,
374 2060 408 2106 ac
427 2045 537 2106 remiffe
557 2061 652 2125 agat3
671 2045 721 2106 ubi
742 2064 811 2107 vero
830 2044 1009 2120 incaluerit,
1031 2042 1185 2106 fulminare

221 2124 375 2187 videatur.
395 2127 529 2199 Quorum
551 2124 692 2186 sententia
712 2123 788 2183 mihi
805 2122 887 2185 nullo
909 2122 998 2185 modo
1011 2121 1182 2205 comproba·

206 2208 285 2267 lut.
308 2204 392 2266 Nam
413 2200 600 2266 srfortiorem
615 2202 806 2284 gladiatorem
823 2200 918 2266 furore
936 2202 1054 2277 adium,
1074 2221 1182 2284 quam,

221 2284 271 2366 qui
295 2282 391 2344 sedate
409 2286 500 2363 agit,
518 2282 571 2345 elle
591 2284 697 2346 volunt
712 2325 724 2359 ,
742 2279 884 2343 continuo
904 2280 989 2343 illum
1031 2279 1183 2357 rudentia,

221 2380 283 2445 quac
304 2362 386 2444 quali
405 2360 585 2424 fortitudinis
606 2378 700 2423 mater
719 2361 784 2435 est,
813 2358 963 2440 spoliant.
1022 2380 1078 2421 unc
1099 2360 1180 2422 enirn

221 2451 279 2505 non
297 2442 394 2504 solum
409 2461 498 2504 omne
516 2441 687 2517 confilium,
705 2440 787 2523 quod
802 2438 902 2521 sapius
918 2440 949 2500 in
965 2459 1053 2501 arena
1066 2438 1181 2519 capien-

221 2521 290 2585 dum
310 2522 378 2597 cll,
409 2521 520 2603 prorsus
540 2519 705 2596 auferunt,
733 2518 781 2581 sed
801 2536 834 2581 ut
857 2520 888 2580 in
911 2518 1000 2581 sedati
1019 2517 1106 2582 hostis
1128 2515 1182 2580 fer·

221 2619 284 2664 tum
307 2601 492 2683 impudenter
507 2602 635 2676 irruens,
653 2620 690 2663 eo
709 2598 816 2681 seipse
832 2599 952 2673 induat,
970 2597 1120 2662 efficiunt.
1136 2600 1181 2659 0-

220 2681 308 2745 ratori
330 2699 403 2744 vero
420 2697 521 2744 eorum
540 2679 767 2763 cognitionem,
786 2697 851 2761 qua
871 2679 971 2742 caullar
992 2678 1047 2741 sua
1067 2675 1179 2761 profue-

219 2763 276 2824 rint
293 2806 305 2837 ,
324 2761 481 2823 adversarii
502 2781 572 2824 vero
591 2759 766 2834 obfuerint,
786 2758 904 2841 quando
921 2759 1012 2822 etiam
1032 2780 1070 2821 ne
1090 2755 1179 2823 verbo

218 2841 339 2923 quidem
366 2842 466 2903 caullae
494 2855 659 2917 noceatur,
686 2858 721 2903 ut
748 2839 873 2916 videat,
903 2840 977 2903 redte
997 2839 1179 2921 pracipitur,

218 2921 331 3002 prorsus
354 2920 543 2983 abstulerint.
573 2920 609 2982 In
640 2940 730 3001 quarn
751 2940 872 3000 gravem
892 2920 985 2981 animi
1005 2918 1181 2981 commotio·

216 3017 282 3062 nem
312 3019 383 3062 curn
410 3000 448 3062 C.
470 2997 619 3063 Gracchus
640 3000 794 3061 vehemens
814 3000 923 3059 Orator
942 3014 1046 3060 natura
1065 2998 1178 3088 magis,

215 3097 306 3163 quarn
334 3080 431 3141 caussa
460 3078 586 3161 impulsu
612 3079 647 3140 sa
668 3079 713 3140 ius
742 3079 921 3152 incurreret,
950 3097 984 3139 ac
1011 3074 1176 3153 ardentius,

214 3169 303 3243 quarn
324 3175 370 3220 tes
392 3160 564 3241 postularet,
586 3157 625 3218 ad
644 3099 756 3229 iudices
775 3177 795 3217 a
816 3172 899 3231 eret,
919 3155 1034 3220 servum
1053 3175 1072 3217 a
1093 3171 1176 3235 tergo

214 3242 341 3380 Ξῖὑτιιιιι
362 3238 513 3314 habebat,
539 3259 559 3299 a
580 3257 646 3319 quo
674 3234 711 3298 ad
738 3176 922 3298 moderatum
942 3234 1042 3300 fiilulae
1060 3235 1175 3318 lignum

251 3335 318 3381 turn
339 3319 377 3380 ad
398 3319 521 3380 sedatius
548 3316 695 3397 agendum
725 3330 931 3391 revocaretur,
958 3332 1049 3398 atque
1069 3316 1101 3378 in
1121 3316 1176 3382 hac

213 3396 333 3461 honesta
352 3399 397 3460 ira
416 3400 638 3469 contineretur,
666 3412 700 3457 ut
720 3395 770 3456 hic
790 3394 907 3475 perinde
923 3441 937 3473 ‚
952 3412 1042 3480 atque
1061 3396 1113 3460 ille
1133 3394 1176 3459 fa·

214 3478 291 3554 ciat,
312 3480 419 3562 quiin
440 3477 521 3558 lapsu
542 3477 602 3551 lit,
645 3476 675 3537 ui
694 3475 807 3558 aliquid
830 3493 919 3538 manu
938 3476 1173 3557 apprehendens,

214 3558 403 3634 relabatur,
423 3558 451 3619 le
471 3555 604 3618 lullinet.
622 3496 697 3617 dane
716 3555 835 3639 quidem
856 3556 951 3633 irati,
973 3576 1063 3637 quarn
1082 3554 1173 3618 sedati

212 3634 333 3713 tortior,
352 3655 443 3720 atque
463 3636 663 3698 vehementior
677 3636 717 3697 est
731 3635 826 3697 atlio:
847 3635 942 3698 virtus
962 3653 1063 3697 autem
1078 3654 1173 3723 neque

213 3715 273 3778 ullo
289 3718 380 3781 modo
394 3733 543 3806 augetur,
557 3734 651 3806 neque
666 3715 825 3778 minuitur.
846 3717 927 3778 Nam
944 3714 965 3775 sr
984 3715 1027 3776 ita
1040 3713 1093 3788 lit,
1115 3733 1172 3775 rra·

210 3797 342 3878 cundia,
361 3815 427 3881 quae
449 3812 513 3859 tota
534 3815 566 3858 tn
586 3811 663 3861 vitro
682 3797 747 3873 cll,
775 3795 848 3878 quia
867 3815 903 3859 ex
923 3792 1021 3856 medio
1040 3790 1171 3924 excfiedir,

1108 3888 1132 3925 t-
