3034 4559
525 366 552 427 L
591 365 609 425 l
643 367 671 427 B
708 365 743 430 2·
873 413 881 429 .
951 373 961 382 ‘

220 447 262 514 'nt
285 443 444 511 certissimo
468 467 528 509 non
551 445 677 509 minima
698 435 763 509 saus
773 365 924 511 leibulrur
948 494 955 509 .
984 445 1023 512 ln
1048 387 1179 514 unonve·

226 551 256 591 ro
278 528 422 590 Cicerone
446 522 458 606 [
483 542 515 589 ut
542 525 660 587 Caesaris
686 547 764 589 nunc
795 528 993 590 testimonium
1022 530 1184 607 omittam,

223 604 273 751 gui
295 607 384 678 illum
408 626 468 668 non
493 622 554 668 tam
579 605 615 667 de
638 606 759 682 Patria,
782 606 816 669 de
839 629 898 690 qua
920 610 1031 689 optime
1054 652 1064 683 ,
1086 630 1177 701 quarn

244 687 401 750 enomine
422 687 558 748 Romano
583 686 721 747 meritum
743 686 796 747 esse
819 690 937 751 testatus
952 686 1037 769 esl,}
1058 708 1178 765 omma,

221 788 284 911 gun
308 765 481 849 eloquentia
503 766 619 859 propria
642 765 736 842 sunt,
768 786 827 828 una
849 768 982 829 omnium
1005 767 1177 845 hominum,

269 846 431 910 seculorum
451 846 592 908 sententia
622 844 848 909 cumulanssrme
871 846 936 911 sunt
958 846 1113 909 absoluta.
1138 847 1176 912 In

223 928 319 991 Poetis
344 942 445 989 autem
469 927 644 989 Terentium
674 946 709 988 ea
730 927 946 990 commendatio
989 926 1177 1011 rosequitur,

221 1020 283 1090 q'uae
307 1004 368 1077 ejus
395 1004 504 1066 fabulas
531 1005 570 1068 ob
592 1025 691 1068 earum
715 1005 889 1088 elegantiam
914 1027 933 1068 a
1007 1006 1047 1069 lio
1063 1052 1073 1083 ,
1088 1024 1179 1090 atque

219 1087 352 1169 Scipione
375 1084 547 1166 conscriptas
572 1085 624 1145 esse
648 1084 828 1167 suspicatur.
852 1087 959 1150 Plauto
981 1086 1098 1149 nullum
1114 1107 1179 1149 ma·

221 1168 262 1239 jus
285 1166 350 1227 dari
375 1166 472 1246 potuit
495 1165 713 1241 testimonium,
736 1186 826 1247 quarn
843 1187 910 1228 curn
926 1166 1049 1237 majores
1063 1166 1182 1243 dixere,

222 1244 337 1321 Musas,
353 1243 374 1305 fi
390 1244 495 1307 Latine
512 1244 593 1325 loqui
609 1245 782 1322 uoluissent,
798 1245 935 1307 Plautino
950 1245 1078 1307 sermone
1095 1244 1178 1308 fuisse

221 1326 389 1390 locuturas.
412 1323 517 1386 Seneca
539 1340 664 1400 autem,
690 1345 756 1387 mea
779 1325 899 1406 quidem
922 1324 1087 1399 sententia,
1113 1331 1174 1387 non'

220 1423 279 1468 tam
304 1402 481 1467 accusandus
503 1404 543 1466 est
560 1448 569 1480 ,
584 1403 665 1485 quod
685 1425 746 1465 non
759 1420 898 1485 perpetuo
915 1403 1018 1483 plane,
1031 1424 1064 1465 ac
1081 1402 1174 1484 splen

220 1484 283 1547 dide
306 1485 413 1547 Latine
436 1484 548 1547 locutus
572 1483 631 1559 stt,
652 1503 742 1565 quarn
768 1484 859 1546 etiam
882 1483 1061 1558 laudandus,
1083 1499 1175 1565 atquc

218 1562 394 1647 recipiendus
410 1607 420 1639 ‚
442 1562 693 1647 quodTragoediae
714 1562 841 1627 sormam
855 1608 865 1639 ,
880 1585 900 1624 n
939 1583 975 1624 ue
991 1582 1057 1624 eam
1073 1562 1174 1626 admo-

217 1643 283 1706 dum
307 1643 577 1715 contemnendam,
622 1645 652 1705 ui
677 1642 760 1706 nobis
783 1664 920 1706 common
959 1658 1014 1717 et,
1038 1641 1114 1704 solus
1131 1663 1174 1705 re·

214 1723 366 1787 manserit.
381 1724 549 1799 Catullum,
563 1723 604 1785 Ti
645 1724 744 1801 llum,
767 1724 934 1787 Lucretium
951 1768 962 1799 ,
984 1722 1144 1785 Horatium
1161 1766 1173 1800 ,

217 1803 398 1880 Maronem,
422 1820 539 1867 tanturn
564 1803 663 1879 abest,
686 1820 721 1867 ut
744 1802 815 1866 boni
839 1823 940 1866 omnes
965 1821 1024 1865 non
1050 1823 1175 1885 magno·

218 1888 280 1965 pete
303 1883 450 1960 laudent,
476 1900 510 1946 ut
532 1903 579 1945 eos
604 1884 694 1945 etiarn
719 1884 802 1946 nullo
825 1881 883 1946 sine
915 1882 1094 1964 suspiciant,
1118 1883 1175 1944 mi-

217 1979 339 2040 rentur,
364 1964 463 2026 colant
481 2012 490 2029 .
513 1962 567 2026 Sed
582 1983 625 2025 res
648 1963 707 2025 hac
722 1961 835 2026 sortasse
858 1964 948 2025 nimis
965 1963 1093 2025 celeriter
1109 1983 1172 2044 per·

216 2043 294 2105 cursa
316 2042 382 2104 est.
405 2048 530 2121 Quare,
553 2043 574 2103 sr
599 2042 724 2123 placet,
747 2043 835 2124 paulo
859 2044 936 2105 hanc
958 2042 1050 2123 ipsam
1074 2044 1173 2123 copio-

218 2121 267 2184 sus
283 2167 294 2197 ,
319 2138 410 2204 atque
433 2122 603 2198 diligentius
619 2122 846 2203 pertradlenrus.
872 2122 920 2183 Ex
934 2121 972 2181 iis
988 2123 1103 2201 itaque,
1118 2122 1172 2201 qui

218 2203 250 2265 ad
273 2201 454 2265 scribendam
475 2201 634 2263 Historiam
658 2187 816 2283 [quando‘
832 2200 885 2262 hos
909 2200 990 2279 prius
1014 2199 1031 2258 s
1067 2218 1098 2257 ra
1120 2219 1173 2261 no-

218 2282 433 2421 minavimus)
458 2281 485 2343 se
510 2281 538 2342 se
562 2302 579 2341 a
599 2280 795 2362 plicuerunt,
819 2295 876 2341 tres
902 2277 957 2337 esse
980 2276 1044 2338 dice
1064 2295 1175 2353 amus,

237 2364 264 2423 ui
290 2362 324 2423 in
350 2382 384 2423 ea
418 2362 489 2423 acile
509 2380 565 2442 pra
591 2374 699 2430 arent3
721 2359 770 2421 Cr.
790 2356 981 2432 Sallustium,
1005 2355 1174 2428 Clusium

218 2380 385 2517 laesarem,
405 2442 444 2501 -T,
463 2441 584 2504 Livium
605 2439 782 2502 Patauinum
800 2459 810 2510 3
831 2438 883 2529 qui
903 2455 1004 2500 ornnes
1024 2453 1091 2497 cum
1112 2456 1176 2500 ma

219 2522 297 2582 rime
317 2520 463 2583 diversum
483 2519 621 2583 scribendi
649 2538 740 2601 genus
765 2519 853 2581 secuti
877 2516 956 2593 sint,
979 2516 1011 2578 in
1028 2516 1080 2579 suo
1117 2516 1174 2578 uis·

216 2618 269 2690 que
293 2616 396 2663 tamen
415 2600 552 2663 assecutus
571 2600 628 2676 est,
650 2617 683 2662 ut
703 2599 862 2663 admodum
882 2596 1068 2679 probaretur.
1122 2618 1173 2659 am

220 2698 246 2741 tn
266 2680 398 2756 duobus,
420 2683 541 2762 primo,
561 2680 592 2741 dc
612 2682 783 2761 poslremo,
812 2677 877 2741 sane
919 2677 1033 2740 uadam
1047 2677 1176 2742 uirtutes

219 2776 341 2835 extant,
370 2780 434 2843 quae
455 2761 597 2822 summam
617 2759 704 2837 illis,
731 2780 821 2843 quam
843 2779 882 2840 po
904 2758 1035 2825 identsin
1055 2756 1178 2820 scriben-

220 2836 277 2915 do,
302 2839 422 2901 laudem
446 2861 566 2904 omnem
588 2837 794 2903 confecerunt.
819 2838 873 2901 Sed
896 2839 942 2901 his
965 2836 1201 2900 tarnenflnmlv

222 2918 302 2981 nibus
324 2919 401 2982 vitia
421 2920 552 3002 quadarn
575 2920 584 2980 i
606 2918 701 2981 sorum
729 2919 847 3001 propria
865 2916 1020 2980 nonnullas
1043 2916 1176 2979 tenebrae

221 2995 409 3076 offuderunt,
432 3015 466 3061 ut
486 3000 518 3060 in
539 2940 690 3074 Sallustio,
709 3000 788 3081 qui,
809 3017 876 3059 cum
896 2994 1075 3058 Thucididio
1094 3015 1178 3057 more

219 3076 420 3155 creberrimis,
439 3100 473 3140 ac
494 3078 722 3161 locupletissimis
745 3077 891 3140 sententiis
912 3074 1073 3137 Historiam
1094 3074 1180 3138 suam

220 3174 351 3235 exornet,
372 3173 460 3241 atque
480 3159 617 3234 illusltet,
637 3179 671 3219 ac
692 3158 724 3220 in
745 3178 779 3218 ea
799 3155 913 3217 dicendi
932 3153 1091 3231 brevitate,
1110 3176 1176 3238 quae

220 3233 351 3301 Historia
372 3241 502 3301 maxime
521 3240 638 3321 propria
658 3236 715 3313 est,
735 3237 794 3297 sinc
816 3233 1009 3299 controversia
1028 3234 1104 3298 solus
1124 3236 1176 3300 do·

219 3317 360 3395 minetur,
382 3340 435 3381 nec
455 3339 515 3380 non
534 3318 691 3393 locorum,
719 3332 808 3399 atque
827 3316 1011 3400 personarum
1031 3316 1121 3379 mirus
1140 3316 1176 3378 slt

218 3393 386 3481 descriptor,
406 3409 466 3460 non
487 3398 580 3461 caruit
602 3414 701 3460 tamen
722 3397 778 3462 suis
815 3396 965 3459 uibusdam
980 3395 1087 3471 vitiis,
1109 3414 1174 3477 quar

217 3470 287 3537 bisce
307 3477 466 3541 virtutibus
487 3477 598 3561 aliquid
614 3477 777 3550 officerent.
831 3498 870 3539 on
885 3476 964 3539 enirn
983 3471 1099 3551 desunt,
1111 3472 1175 3613 ulUi

212 3553 362 3638 (elaborata
382 3558 524 3621 orationis
545 3559 622 3619 hunc
643 3557 777 3619 accusent
795 3581 804 3629 3
835 3573 910 3619 certe
938 3574 1007 3618 veto
1029 3572 1109 3633 pcrm
1143 3568 1176 3632 ta

219 3628 260 3693 hic
280 3637 395 3713 verba,
423 3657 487 3729 quae
509 3637 619 3719 prorsus
648 3636 686 3698 ab
713 3637 765 3699 illa
785 3636 965 3709 excultiore,
993 3647 1080 3721 atque
1100 3630 1174 3693 adeo

219 3710 265 3774 sun
283 3732 369 3782 aetate
385 3717 567 3797 exciderant,
588 3716 710 3780 retinete
726 3732 865 3781 conatur.
885 3714 959 3778 Non
974 3730 1052 3774 emm
1069 3710 1173 3853 abguci

273 3821 276 3826 v
926 3839 928 3858 .
1025 3808 1097 3876 pote
1127 3835 1142 3869 ,

1203 2331 1228 2372 Ι
