3034 4559
386 484 444 548 ῐςο
604 465 854 529 BARTHOI.
888 465 1050 529 Riccll

339 543 402 610 hec
424 541 497 607 illud
514 542 640 621 accedit,
661 547 739 636 quod
758 547 891 608 cuicum
907 546 1007 608 multis
1029 542 1233 607 decertandum
1251 540 1304 621 sit,

341 644 377 690 ut
398 627 422 687 is
445 623 572 706 undique
599 629 742 688 munitior
772 626 897 700 exiliat,
928 626 1054 687 maxime
1084 625 1128 686 illi
1150 625 1303 705 providen-

339 706 412 767 dum
434 705 490 775 esl3
511 705 548 766 sic
566 706 668 767 noslris
689 706 821 779 eveniet,
843 707 913 788 qui,
937 722 969 768 ut
990 706 1021 767 in
1046 705 1095 766 sua
1115 705 1238 786 quisque
1263 703 1301 764 di·

304 799 308 806 '
343 786 428 848 cendi
445 783 590 846 sententia
625 784 773 846 rudentior
789 786 1078 859 videatur,certatini
1098 781 1303 857 elaborabunt,

345 882 435 947 atque
455 864 488 924 in
508 884 544 924 eo
566 805 627 945 ipss>
650 865 776 945 Principi
806 885 922 945 operam
943 865 1024 927 suam
1045 864 1195 926 studiosius
1219 881 1305 924 nava·

344 944 436 1017 bunt,
458 943 490 1003 in
508 963 569 1025 quo
587 942 615 1004 se
636 944 730 1025 magis
747 946 790 1005 illi
811 942 975 1025 profuturos
997 944 1227 1006 arbitrabuntur.
1249 939 1306 1003 Ad·

345 1024 382 1085 de
400 1022 493 1096 iliud,
514 1021 592 1105 quod
614 1021 633 1083 fi
654 1025 728 1086 alius
750 1024 957 1104 impedimento
973 1024 1074 1105 aliquo
1094 1021 1130 1083 ab
1150 1021 1251 1084 officio
1267 1022 1306 1081 iri·

344 1101 529 1183 terpelletur,
552 1118 641 1185 atque
659 1124 695 1166 eo
717 1104 863 1165 interdum
884 1120 1032 1185 tempore,
1052 1124 1118 1165 cum
1140 1102 1200 1172 ejus
1222 1119 1307 1182 opera

346 1182 477 1243 inarime
496 1180 531 1242 sit
551 1203 651 1263 opus,
680 1182 732 1244 alii
755 1182 853 1263 praeslo
876 1183 1004 1258 adsunt,
1033 1184 1172 1265 suamque
1193 1180 1247 1261 ipsi
1268 1181 1308 1242 ita

349 1280 469 1341 operam
491 1258 665 1341 impertiunt
685 1278 750 1337 ,ut
771 1264 856 1324 unius
876 1262 1005 1323 absentia
1027 1261 1101 1323 nihil
1123 1260 1309 1323 defideretut.

347 1341 431 1415 Quin
452 1340 472 1399 si
494 1342 559 1421 quis
580 1341 658 1403 diem
679 1342 762 1403 suurn
784 1344 900 1404 tandem
923 1342 1064 1416 obiverit,
1085 1362 1144 1403 non
1162 1339 1250 1401 unius
1265 1338 1309 1400 de·

254 1454 260 1466 =
347 1420 450 1482 siderio
459 1418 622 1483 Consilium
645 1421 780 1484 orbatum
801 1422 965 1484 videbitur.
991 1424 1033 1482 Ac
1056 1441 1091 1481 ne
1107 1419 1181 1483 illud
1198 1418 1310 1499 prorsus

347 1499 550 1574 dissimulem,
571 1521 715 1584 agamque
735 1502 858 1563 fideliter
879 1504 910 1562 in
931 1522 997 1572 meo
1019 1500 1173 1573 Consilio,
1201 1498 1255 1559 nifi
1275 1517 1311 1559 ex

352 1579 455 1642 multis
476 1599 551 1640 unus
571 1581 656 1643 detur
675 1583 799 1642 omnino
819 1580 950 1656 facilius,
971 1599 1059 1663 quam
1081 1600 1116 1641 eir
1136 1579 1254 1659 paucis,
1275 1575 1310 1638 ad

350 1657 616 1739 corrumpendum,
636 1679 737 1721 eorum
758 1661 843 1736 sane,
865 1662 917 1742 qui
938 1657 1111 1722 consulendo
1131 1657 1216 1720 nobis
1235 1677 1312 1718 com·

350 1739 447 1821 plures
468 1736 585 1812 adsint,
614 1736 757 1801 sententia
779 1740 871 1821 magis
893 1738 1042 1821 probanda
1063 1739 1127 1812 esi,
1147 1754 1239 1819 quam
1259 1734 1311 1819 qui

347 1817 433 1899 pauci
455 1815 647 1891 constituant,
670 1834 758 1902 atque
778 1818 947 1880 decernant.
968 1819 1055 1879 Certe
1096 1818 1126 1878 ui
1149 1836 1246 1877 rerum
1283 1837 1314 1876 o·

349 1897 479 1969 tiantur,
501 1896 604 1974 pauci,
623 1910 712 1976 atque
734 1895 806 1957 adeo
827 1898 902 1958 folus
923 1898 983 1969 sit3
1004 1898 1055 1978 qui
1075 1837 1120 1958 illi
1141 1896 1172 1956 in
1193 1894 1312 1981 con-lio

349 1973 459 2048 adsint,
478 1974 643 2054 cumplures
663 1976 786 2037 omnino
806 1976 861 2038 esse
882 1976 1052 2038 debebunt.
1072 1975 1221 2052 Quoniam
1244 1994 1314 2035 vero

349 2054 382 2115 &
402 2070 497 2115 rerum
513 2055 618 2115 certior
637 2055 788 2136 cognitio,
809 2056 840 2117 ἃ
861 2074 959 2119 earum
977 2056 1103 2138 ipsarum
1119 2054 1234 2115 facilior
1251 2072 1315 2134 per·

350 2132 514 2206 tractatio,
542 2153 606 2215 quae
627 2134 686 2195 duo
706 2134 880 2197 Consiliatio
901 2136 997 2198 noslro
1018 2137 1145 2196 maxime
1166 2134 1251 2214 supra
1271 2148 1315 2194 at·

352 2210 575 2287 tribuebamus,
598 2212 761 2296 grandioris
783 2217 875 2277 aetatis
896 2213 936 2277 est
955 2216 1102 2290 omnino,
1130 2212 1313 2294 grandiorem

353 2292 506 2352 hominem
529 2308 599 2353 natu
621 2294 740 2374 magis,
783 2313 852 2356 uam
873 2296 1116 2357 adolescentulum
1137 2294 1168 2353 in
1188 2292 1313 2353 consiliis

353 2370 455 2433 dandis
477 2369 536 2451 ipse
556 2370 733 2453 deligetem.
789 2376 858 2436 tatis
879 2375 958 2437 enim
980 2374 1179 2437 maturitatem
1201 2372 1313 2433 consilii

301 2507 303 2510 ,
352 2451 506 2511 maturitas
525 2451 605 2532 sequi
627 2452 717 2522 folet3
739 2454 808 2529 nisi,
830 2455 960 2529 Ferrini,
982 2454 1013 2514 in
1034 2470 1088 2527 te,
1108 2469 1196 2534 atque
1218 2452 1248 2511 in
1272 2450 1314 2512 tui

351 2530 525 2603 simillimis,
546 2532 599 2611 qui
618 2548 733 2593 aetatein
755 2533 930 2613 prudentia,
953 2531 1009 2594 side
1030 2533 1131 2593 omnia
1151 2529 1249 2591 officia
1271 2528 1315 2594 su·

351 2610 485 2690 peratis,
508 2607 591 2670 facile
612 2610 695 2672 aliter
717 2612 838 2672 sentiam
856 2656 863 2672 .
893 2612 976 2673 Finis
996 2626 1110 2684 autem,
1154 2630 1192 2669 uo
1214 2611 1315 2670 omnia

353 2689 404 2750 fua
423 2680 542 2749 consifia
562 2687 691 2765 referat,
722 2691 746 2750 is
775 2691 850 2751 mihi
871 2688 1083 2751 constituendus
1104 2708 1121 2747 e
1143 2708 1157 2747 e
1178 2690 1314 2764 videtur,

351 2768 405 2846 qui
424 2767 530 2828 cateris
546 2785 664 2849 quoque
685 2771 716 2830 in
732 2768 813 2830 rebus
834 2768 907 2830 rede
922 2768 1125 2841 constituitur,
1145 2765 1314 2831 honestum.

353 2847 458 2924 Neque
478 2864 534 2925 ego
556 2857 688 2927 unquam
709 2868 776 2909 cum
797 2844 856 2907 illis
877 2846 1025 2921 sentiam,
1071 2847 1101 2907 ui
1124 2846 1155 2905 iri
1177 2847 1251 2927 Rep.
1271 2849 1315 2909 de·

349 2924 492 2985 cernenda
513 2941 629 2988 rantum
652 2927 810 2989 utilitatem
833 2924 1015 3007 spectandam
1037 2866 1091 2985 else
1115 2926 1315 3007 precipiunt,

351 3005 500 3085 magisque
521 3006 653 3068 Aristidis
675 3006 844 3078 consilium,
864 3024 953 3088 quain
974 3005 1177 3068 Themistoclis
1199 3006 1314 3087 excogi-

350 3100 446 3145 tatum
469 3083 578 3165 semper
597 3108 612 3146 e
636 3086 730 3147 uidem
752 3083 921 3164 probarim,
939 3104 1007 3148 curn
1029 3087 1076 3146 hic
1098 3084 1132 3145 de
1158 3086 1312 3148 incenden·
1333 3113 1354 3127 ³*

354 3164 393 3224 da
416 3164 541 3224 hostium
561 3105 668 3240 clasle,
697 3164 778 3246 quod
805 3161 884 3226 faciu
912 3183 974 3227 erat
1025 3183 1092 3225 uam
1122 3162 1318 3238 facillimum,

354 3239 564 3320 excogitasle13
593 3244 644 3303 ille
672 3265 742 3304 vero
772 3243 913 3324 sapienter
940 3245 977 3306 ad
999 3185 1140 3305 senatum
1162 3245 1313 3318 retulisset„

353 3322 478 3400 perutile
495 3322 547 3379 esse
563 3323 700 3401 quidem,
720 3325 800 3404 quod
817 3323 1025 3385 Themistocles
1045 3321 1176 3394 afferret,
1198 3319 1244 3384 sed
1263 3324 1318 3383 mi·

352 3397 433 3459 nime
453 3398 628 3460 honestum.
652 3400 731 3462 Vera
751 3402 900 3476 Aristidis,
924 3403 979 3463 hoc
999 3399 1054 3475 est,
1074 3402 1225 3491 aequissimi
1249 3402 1318 3463 Viri

351 3476 492 3539 sententia
510 3498 519 3547 3
549 3498 637 3617 quem
668 3480 814 3542 Fabiitius
836 3478 945 3541 Consul
970 3482 1084 3561 egregie
1106 3483 1239 3543 imitatus
1260 3482 1317 3542 est.

355 3559 436 3620 Nam
467 3576 534 3617 cum
581 3560 646 3619 .R.
669 3579 737 3620 cuin
767 3560 878 3639 Pyrrho
905 3578 970 3619 acre
990 3579 1022 3620 ac
1043 3578 1184 3621 maenum
1206 3561 1316 3622 bellum

355 3653 490 3775 gererem
522 3636 624 3714 Pyrrhi
646 3636 799 3699 familiaris
819 3636 937 3728 quidam
959 3638 995 3698 ad
1016 3608 1173 3700 Consiilem
1193 3641 1319 3715 detulit,

367 3739 376 3775 1
397 3733 511 3795 gratum
535 3717 564 3777 P.
587 3717 623 3777 R.
646 3714 777 3807 futuram
802 3718 887 3791 sciat,
911 3716 937 3777 se
959 3718 1080 3792 habete,
1102 3719 1152 3800 qui
1175 3720 1321 3808 Pyrrhum

359 3813 470 3857 veneno
487 3796 522 3857 de
538 3795 635 3857 medio
651 3794 791 3859 facillime
808 3796 912 3872 tollat,
932 3797 968 3858 de
988 3817 1048 3880 quo
1064 3820 1125 3860 non
1143 3819 1222 3880 prius
1237 3799 1324 3937 {Iupit-
