3034 4559
332 466 389 545 12'4
507 463 572 527 DE
592 462 1078 547 aerumnamque
1128 487 1136 516 i

289 544 380 630 fitque
400 559 560 607 extremum
583 545 731 619 alterum,
752 542 960 608 fortitudinem·
978 545 990 626 [
1005 561 1038 604 ut
1058 543 1092 603 de
1115 543 1234 608 Oratore

289 627 364 687 nihil
388 626 511 705 amplius
532 622 656 763 dicamg(
667 640 770 699 acuat,
791 643 879 706 atque
899 625 1016 695 adjuvet
1036 622 1175 694 omnine,
1197 640 1235 682 na

288 706 384 766 omnis
404 706 523 765 virtutis
544 704 605 777 vis,
677 706 752 765 ratio
772 703 883 765 sublata
903 697 958 763 est.
979 706 1059 763 Nam
1075 722 1110 766 ea
1126 720 1235 789 quoque

289 787 401 846 ratione
422 784 569 865 sequetur,
592 800 624 844 ut
645 784 784 844 mercedis
799 785 876 865 spem
897 782 980 844 nobis
996 780 1191 861 propositam,
1209 779 1237 840 li·

287 863 445 926 beralitatis
467 880 562 924 cotem
585 863 638 922 else
657 863 809 923 dicamus.
838 864 880 923 Ut
899 862 977 923 enim
995 861 1034 921 ad
1056 862 1178 922 istorum
1200 878 1238 920 ra·

287 946 397 1003 tionem
418 941 560 1003 fortitudo
580 963 639 1005 una
669 943 817 1003 iracundia
844 942 1009 1016 excitatur,
1033 947 1073 1001 'ac
1097 940 1194 1020 magis
1213 960 1239 1000 a

286 1024 381 1082 ruitur
411 1023 447 1081 ad
477 1020 580 1084 fortius
610 1022 782 1101 agendum3
811 1021 847 1082 sic
874 1021 962 1081 dandi
992 1019 1094 1094 ratio,
1124 1018 1173 1099 spe
1194 1018 1238 1080 illa

285 1101 433 1161 commodi
461 1101 580 1171 alicujus
609 1102 763 1181 recipiendi
785 1101 833 1161 sibi
863 1099 1237 1180 propolim-promptior,

285 1198 318 1239 ac
339 1179 466 1258 paratior
486 1180 536 1241 fiet
557 1181 593 1241 ad
614 1181 819 1260 largiendum.
847 1179 934 1253 Quod
985 1198 1052 1240 uani
1075 1198 1112 1239 ex
1133 1180 1238 1239 virtute

284 1256 363 1332 liat,
395 1279 453 1319 non
474 1260 630 1321 admodum
651 1260 752 1321 multis
775 1279 847 1340 opus
867 1259 905 1319 est
926 1279 977 1339 pto
998 1278 1069 1317 ate.
1092 1257 1237 1339 Siquidem

283 1337 423 1418 quamdiu
445 1340 510 1419 quis
533 1340 643 1415 libere,
663 1360 696 1401 ac
716 1341 806 1420 gratis
829 1339 904 1411 dat,
926 1336 1040 1398 tamdiu
1060 1338 1239 1406 cumvirtu·

286 1434 315 1476 te
337 1419 427 1499 argiri
456 1433 490 1480 ut
511 1439 580 1481 vero
602 1420 713 1501 specula
733 1418 918 1487 ullainjeua
936 1417 973 1478 ad
994 1416 1119 1495 benigne
1140 1414 1238 1478 facien

287 1498 358 1557 dum
389 1497 533 1574 ducitur,
560 1502 700 1561 continuo
729 1498 891 1637 benipniras
914 1497 967 1558 esse
995 1496 1120 1571 desinit,
1145 1495 1237 1577 ,fitque

283 1594 458 1639 mercatura.
479 1578 525 1639 Sic
547 1579 581 1639 de
601 1578 769 1641 fortitudine
811 1577 941 1638 icendum
965 1576 1029 1650 ell,
1049 1594 1115 1655 quar
1136 1591 1236 1658 quarn·

282 1657 332 1717 diu
354 1656 451 1737 perse
472 1656 532 1717 sola
554 1659 675 1731 nititur,
697 1678 730 1718 ac
751 1658 849 1737 suopte
872 1673 987 1717 tantum
1010 1656 1072 1735 agit
1095 1654 1236 1735 impulsu,

282 1737 395 1796 tamdiu
416 1736 509 1797 virtus
528 1736 585 1807 est3
606 1753 638 1797 ut
659 1757 729 1797 vero
751 1735 905 1797 iracundia
926 1736 971 1796 vis
992 1733 1154 1809 accesserit,
1174 1753 1233 1796 tuin

280 1815 311 1873 in
334 1814 442 1874 vitium
465 1816 589 1889 transit,
620 1816 694 1875 nihil
714 1815 832 1876 virtutis
854 1816 1008 1876 retinens.
1038 1814 1103 1874 Pari
1123 1815 1233 1876 ratione

278 1892 381 1951 timori
403 1892 509 1952 accidit
529 1913 596 1953 cum
617 1893 770 1973 prudentia
788 1914 810 1964 3⁴
826 1893 869 1953 ita
888 1893 1017 1956 avaritiae
1038 1913 1106 1954 cum
1127 1909 1234 1975 tempe·

279 1971 400 2031 tantia.
427 1970 473 2032 Sic
495 1973 574 2031 enim
596 1975 622 2033 se
643 1989 736 2032 metus
757 1971 794 2032 ad
816 1972 998 2053 prudentiam
1016 1993 1023 2042 3
1054 1973 1182 2037 avaritia
1201 1972 1233 2044 id

278 2052 499 2130 temperantiam
521 2052 644 2126 habent,
687 2052 910 2113 uemadmodum
928 2053 1081 2114 iracundia,
1097 2052 1133 2114 ad
1149 2052 1233 2124 sorti·

280 2128 410 2191 tudinem
432 2131 460 2190 se
480 2132 507 2191 se
529 2132 639 2193 habet.
664 2072 727 2193 iila
756 2132 871 2193 videtur
889 2132 1092 2195 fortitudinem
1114 2133 1233 2214 adauge»

276 2230 323 2280 re,
344 2227 439 2280 metus
459 2227 556 2284 autem
579 2215 609 2272 in
630 2211 808 2293 prudentia3
843 2213 967 2274 avaritia
987 2213 1016 2273 in
1040 2211 1230 2293 temperantia

277 2288 356 2349 idem
378 2289 487 2364 efficere
507 2291 664 2354 videntur.
693 2291 782 2369 Quod
812 2308 872 2353 tam
901 2292 986 2373 longe
1006 2288 1106 2365 abest,
1137 2308 1170 2354 ut
1193 2293 1232 2356 in

278 2368 330 2443 fit,
352 2387 385 2432 ut
407 2371 497 2431 etiam
505 2372 578 2431 nihil
600 2374 710 2433 cistam
725 2373 906 2433 adversetur.
923 2372 1070 2453 Siquidem
1093 2373 1123 2432 iii
1140 2372 1232 2433 avari·

280 2449 474 2510 tianihilnon
496 2451 679 2521 detestabile3
700 2453 731 2512 in
752 2469 833 2512 metu
853 2452 929 2512 nihil
952 2450 1134 2524 considerati,
1158 2451 1231 2511 nihil

278 2548 339 2587 non
359 2528 480 2603 obusti,
501 2549 534 2589 ac
550 2530 618 2588 vilis
638 2529 689 2590 else
709 2529 811 2609 possit.
833 2531 968 2591 Praeterea
989 2549 1072 2600 vero,
1096 2547 1160 2617 qua
1179 2530 1232 2590 vir.

277 2607 349 2665 tutis
371 2623 499 2666 extrema
520 2606 601 2681 sunt,
625 2628 787 2687 numquam
809 2607 836 2667 se
853 2608 889 2666 sic
909 2608 940 2667 in
958 2608 1083 2667 medium
1105 2609 1232 2669 insinua·

277 2684 367 2755 bunt,
389 2700 422 2743 ut
441 2704 507 2744 cum
528 2701 563 2743 eo
582 2688 739 2773 quicquain
763 2685 954 2756 conveniant,
974 2684 1081 2744 nedum
1103 2684 1146 2741 illi
1171 2690 1233 2750 ulla

275 2762 358 2819 inre
380 2761 497 2832 adsint,
519 2777 569 2819 aut
589 2781 745 2841 quicquam
768 2762 971 2841 opitulentur.
992 2763 1090 2822 Metus
1112 2779 1231 2841 autem,

274 2837 305 2898 δι
326 2839 470 2898 temeritas
491 2836 669 2899 fortitudinis
691 2856 818 2900 extrema
839 2842 930 2910 sunt3
958 2842 1061 2902 horum
1091 2859 1229 2907 neutrum

274 2936 414 3057 umquam
434 2935 500 2979 cum
523 2920 632 2979 virtute
652 2920 831 2980 commisceri
852 2921 976 3000 poterit,
998 2922 1041 2982 ita
1061 2943 1154 3003 neque
1176 2926 1229 2987 ita·

272 3017 329 3057 cun
350 3000 395 3073 ia,
414 3018 448 3058 eir
467 3018 527 3079 qua
537 2998 718 3139 plerumque
740 3002 887 3061 temeritas
908 3001 1013 3061 exoriri
1036 3000 1130 3075 solet,
1155 3006 1227 3068 tesle

274 3096 414 3159 umquam
443 3098 509 3139 cum
548 3079 705 3140 ortitudine
734 3080 943 3160 copulabitur.
972 3080 1082 3142 Deinde
1110 3102 1180 3153 vero
1208 3084 1227 3152 si

273 3158 368 3218 virtus
398 3178 432 3235 ea
460 3158 523 3233 eil,
551 3179 614 3241 qua
643 3159 718 3220 nihil
739 3160 912 3222 extrinsecus
933 3160 1067 3222 desideret
1089 3160 1124 3221 ad
1149 3161 1226 3223 suani

273 3235 502 3314 persediionem,
531 3258 652 3320 quaeque
673 3240 722 3300 sua
743 3240 867 3320 sponte,
896 3259 983 3320 atque
1003 3239 1102 3319 suapte
1124 3256 1224 3303 natura

273 3314 356 3374 suum
378 3313 505 3378 officium
527 3318 751 3380 cumulatissime
772 3320 901 3401 praeslet,
927 3336 1045 3410 totaque
1068 3320 1098 3379 in
1121 3319 1149 3381 se
1170 3341 1225 3381 una

274 3409 342 3473 apta
362 3394 421 3469 sit,
449 3395 524 3455 nihil
546 3398 661 3459 aliunde
682 3399 836 3480 pendens,
864 3398 935 3478 quid
955 3399 1023 3460 liuto
1045 3399 1144 3459 alienae
1164 3402 1225 3479 opis

273 3474 308 3534 sit
329 3493 418 3553 opus,
440 3492 499 3533 non
520 3474 624 3546 vide03
648 3481 743 3539 multo
764 3498 833 3538 veto
853 3478 930 3551 ejus,
974 3499 1015 3540 uae
1037 3479 1164 3540 maxime
1179 3478 1224 3539 ad

272 3552 421 3628 versetur„
447 3554 544 3614 minus
570 3599 577 3612 .
618 3557 783 3617 Fortiffitne
812 3556 931 3637 quidem
951 3500 1027 3619 iecit
1065 3560 1221 3639 Regulus,

273 3654 339 3693 cum
360 3633 473 3704 sciens,
493 3651 525 3692 ac
546 3634 646 3694 volens
667 3637 703 3695 ad
726 3634 918 3697 infensissimos
939 3638 1056 3712 hostes,
1083 3655 1171 3720 atque
1194 3639 1223 3698 in

271 3712 439 3773 eertiffimos
461 3713 601 3772 cruciatus
623 3715 733 3784 rediit3
763 3716 910 3789 mininie,
940 3717 1137 3797 sicujuspiam
1162 3719 1224 3779 lior·

272 3807 364 3863 tatu;
400 3790 496 3853 multo
525 3810 594 3854 vero
629 3794 755 3870 minus,
784 3794 805 3855 si
847 3794 946 3877 aliqua
983 3796 1131 3862 iracundia
1144 3796 1222 3936 spul·

1157 3899 1186 3938 us
