<?xml version="1.0" encoding="UTF-8"?>
<!DOCTYPE html PUBLIC "-//W3C//DTD XHTML 1.0 Transitional//EN"
    "http://www.w3.org/TR/xhtml1/DTD/xhtml1-transitional.dtd">
<html xmlns="http://www.w3.org/1999/xhtml" xml:lang="en" lang="en">
 <head>
  <title>
</title>
<meta http-equiv="Content-Type" content="text/html;charset=utf-8" />
  <meta name='ocr-system' content='tesseract 3.04.00' />
  <meta name='ocr-capabilities' content='ocr_page ocr_carea ocr_par ocr_line ocrx_word'/>
</head>
<body>
  <div class='ocr_page' id='page_1' title='image "./operumtomusprim01riccgoog/operumtomusprim01riccgoog_0167.png"; bbox 0 0 3034 4559; ppageno 0'>
   <div class='ocr_carea' id='block_1_1' title="bbox 224 474 1182 718">
    <p class='ocr_par' dir='ltr' id='par_1_1' title="bbox 224 474 1182 718">
     <span class='ocr_line' id='line_1_1' title="bbox 524 474 1144 553; baseline 0.013 -18"><span class='ocrx_word' id='word_1_1' title='bbox 524 474 906 553; x_wconf 79' lang='lat' dir='ltr'><strong><em>DEJUDICIO.</em></strong></span> <span class='ocrx_word' id='word_1_2' title='bbox 1090 480 1144 543; x_wconf 75' lang='lat'>181</span> 
     </span>
     <span class='ocr_line' id='line_1_2' title="bbox 224 551 1182 693; baseline 0.006 -76"><span class='ocrx_word' id='word_1_3' title='bbox 224 554 306 619; x_wconf 82' lang='lat' dir='ltr'>nulla</span> <span class='ocrx_word' id='word_1_4' title='bbox 318 554 382 618; x_wconf 80' lang='lat' dir='ltr'>Lex</span> <span class='ocrx_word' id='word_1_5' title='bbox 403 563 433 616; x_wconf 87' lang='lat' dir='ltr'>te&#39;</span> <span class='ocrx_word' id='word_1_6' title='bbox 435 551 623 693; x_wconf 77' lang='lat' dir='ltr'>prohibebit,</span> <span class='ocrx_word' id='word_1_7' title='bbox 645 556 717 644; x_wconf 89' lang='lat' dir='ltr'>quin</span> <span class='ocrx_word' id='word_1_8' title='bbox 725 574 790 615; x_wconf 90' lang='lat' dir='ltr'>eam</span> <span class='ocrx_word' id='word_1_9' title='bbox 808 552 926 616; x_wconf 89' lang='lat' dir='ltr'>inaliud</span> <span class='ocrx_word' id='word_1_10' title='bbox 937 570 1050 647; x_wconf 84' lang='lat' dir='ltr'>tempus</span> <span class='ocrx_word' id='word_1_11' title='bbox 1070 559 1182 623; x_wconf 73' lang='lat' dir='ltr'>disseras</span> 
     </span>
     <span class='ocr_line' id='line_1_3' title="bbox 225 632 1181 718; baseline 0.009 -25"><span class='ocrx_word' id='word_1_12' title='bbox 225 634 414 697; x_wconf 82' lang='lat' dir='ltr'>reddendam.</span> <span class='ocrx_word' id='word_1_13' title='bbox 466 649 539 695; x_wconf 89' lang='lat' dir='ltr'>erno</span> <span class='ocrx_word' id='word_1_14' title='bbox 560 654 629 695; x_wconf 91' lang='lat' dir='ltr'>vero</span> <span class='ocrx_word' id='word_1_15' title='bbox 651 654 682 693; x_wconf 84' lang='grc' dir='ltr'>ιη</span> <span class='ocrx_word' id='word_1_16' title='bbox 702 633 767 695; x_wconf 91' lang='lat' dir='ltr'>loco</span> <span class='ocrx_word' id='word_1_17' title='bbox 783 632 907 715; x_wconf 81' lang='lat' dir='ltr'>personae</span> <span class='ocrx_word' id='word_1_18' title='bbox 927 652 1002 697; x_wconf 89' lang='lat' dir='ltr'>rano</span> <span class='ocrx_word' id='word_1_19' title='bbox 1019 638 1110 718; x_wconf 74' lang='lat' dir='ltr'>posita</span> <span class='ocrx_word' id='word_1_20' title='bbox 1124 644 1181 704; x_wconf 83' lang='lat' dir='ltr'>est.</span> 
     </span>
    </p>
   </div>
   <div class='ocr_carea' id='block_1_2' title="bbox 219 712 1184 1124">
    <p class='ocr_par' dir='ltr' id='par_1_2' title="bbox 219 712 1184 1124">
     <span class='ocr_line' id='line_1_4' title="bbox 221 712 1181 796; baseline 0.006 -22"><span class='ocrx_word' id='word_1_21' title='bbox 221 713 256 776; x_wconf 92' lang='lat' dir='ltr'>ln</span> <span class='ocrx_word' id='word_1_22' title='bbox 278 714 334 775; x_wconf 85' lang='lat' dir='ltr'>hac</span> <span class='ocrx_word' id='word_1_23' title='bbox 354 728 453 775; x_wconf 92' lang='lat' dir='ltr'>autem</span> <span class='ocrx_word' id='word_1_24' title='bbox 474 732 509 774; x_wconf 89' lang='lat' dir='ltr'>ea</span> <span class='ocrx_word' id='word_1_25' title='bbox 529 712 742 775; x_wconf 76' lang='lat' dir='ltr'>considerantur</span> <span class='ocrx_word' id='word_1_26' title='bbox 764 757 774 787; x_wconf 93' lang='lat'>,</span> <span class='ocrx_word' id='word_1_27' title='bbox 796 713 876 775; x_wconf 84' lang='lat' dir='ltr'>sexus</span> <span class='ocrx_word' id='word_1_28' title='bbox 894 758 903 791; x_wconf 93' lang='lat'>,</span> <span class='ocrx_word' id='word_1_29' title='bbox 924 732 1011 792; x_wconf 83' lang='lat' dir='ltr'>atas,</span> <span class='ocrx_word' id='word_1_30' title='bbox 1031 719 1181 796; x_wconf 89' lang='lat' dir='ltr'>conditio,</span> 
     </span>
     <span class='ocr_line' id='line_1_5' title="bbox 222 790 1182 875; baseline 0.003 -20"><span class='ocrx_word' id='word_1_31' title='bbox 222 814 340 875; x_wconf 87' lang='lat' dir='ltr'>genus.</span> <span class='ocrx_word' id='word_1_32' title='bbox 371 791 441 854; x_wconf 84' lang='lat' dir='ltr'>Alio</span> <span class='ocrx_word' id='word_1_33' title='bbox 461 793 540 854; x_wconf 87' lang='lat' dir='ltr'>enim</span> <span class='ocrx_word' id='word_1_34' title='bbox 561 792 649 855; x_wconf 91' lang='lat' dir='ltr'>modo</span> <span class='ocrx_word' id='word_1_35' title='bbox 669 813 735 853; x_wconf 91' lang='lat' dir='ltr'>cum</span> <span class='ocrx_word' id='word_1_36' title='bbox 758 790 902 867; x_wconf 86' lang='lat' dir='ltr'>foemina,</span> <span class='ocrx_word' id='word_1_37' title='bbox 930 794 990 856; x_wconf 89' lang='lat' dir='ltr'>alio</span> <span class='ocrx_word' id='word_1_38' title='bbox 1011 816 1076 857; x_wconf 91' lang='lat' dir='ltr'>cum</span> <span class='ocrx_word' id='word_1_39' title='bbox 1099 800 1182 873; x_wconf 89' lang='lat' dir='ltr'>viro,</span> 
     </span>
     <span class='ocr_line' id='line_1_6' title="bbox 223 870 1183 957; baseline 0.003 -22"><span class='ocrx_word' id='word_1_40' title='bbox 223 893 290 935; x_wconf 87' lang='lat' dir='ltr'>tum</span> <span class='ocrx_word' id='word_1_41' title='bbox 312 890 403 954; x_wconf 87' lang='lat' dir='ltr'>puero</span> <span class='ocrx_word' id='word_1_42' title='bbox 423 870 509 947; x_wconf 85' lang='lat' dir='ltr'>alio,</span> <span class='ocrx_word' id='word_1_43' title='bbox 537 872 598 933; x_wconf 88' lang='lat' dir='ltr'>alio</span> <span class='ocrx_word' id='word_1_44' title='bbox 626 893 691 935; x_wconf 89' lang='lat' dir='ltr'>cum</span> <span class='ocrx_word' id='word_1_45' title='bbox 715 888 786 934; x_wconf 87' lang='lat' dir='ltr'>natu</span> <span class='ocrx_word' id='word_1_46' title='bbox 807 874 956 953; x_wconf 88' lang='lat' dir='ltr'>grandiori</span> <span class='ocrx_word' id='word_1_47' title='bbox 977 876 1121 957; x_wconf 87' lang='lat' dir='ltr'>agendum</span> <span class='ocrx_word' id='word_1_48' title='bbox 1142 879 1183 939; x_wconf 91' lang='lat' dir='ltr'>est</span> 
     </span>
     <span class='ocr_line' id='line_1_7' title="bbox 221 950 1183 1036; baseline 0.006 -21"><span class='ocrx_word' id='word_1_49' title='bbox 221 953 368 1017; x_wconf 83' lang='lat' dir='ltr'>omnino.</span> <span class='ocrx_word' id='word_1_50' title='bbox 399 951 470 1015; x_wconf 76' lang='lat' dir='ltr'>Alia</span> <span class='ocrx_word' id='word_1_51' title='bbox 491 952 563 1013; x_wconf 89' lang='lat' dir='ltr'>item</span> <span class='ocrx_word' id='word_1_52' title='bbox 586 950 630 1011; x_wconf 83' lang='lat' dir='ltr'>illi</span> <span class='ocrx_word' id='word_1_53' title='bbox 650 952 755 1033; x_wconf 89' lang='lat' dir='ltr'>agendi</span> <span class='ocrx_word' id='word_1_54' title='bbox 778 953 879 1027; x_wconf 85' lang='lat' dir='ltr'>ratio,</span> <span class='ocrx_word' id='word_1_55' title='bbox 899 954 950 1036; x_wconf 92' lang='lat' dir='ltr'>qui</span> <span class='ocrx_word' id='word_1_56' title='bbox 974 954 1130 1036; x_wconf 70' lang='lat' dir='ltr'>publicuss</span> <span class='ocrx_word' id='word_1_57' title='bbox 1153 979 1183 1021; x_wconf 91' lang='lat' dir='ltr'>a·</span> 
     </span>
     <span class='ocr_line' id='line_1_8' title="bbox 219 1030 1184 1124; baseline 0.003 -29"><span class='ocrx_word' id='word_1_58' title='bbox 219 1032 288 1108; x_wconf 90' lang='lat' dir='ltr'>lia,</span> <span class='ocrx_word' id='word_1_59' title='bbox 310 1032 372 1116; x_wconf 87' lang='lat' dir='ltr'>qui.</span> <span class='ocrx_word' id='word_1_60' title='bbox 388 1032 537 1112; x_wconf 82' lang='lat' dir='ltr'>privatus3</span> <span class='ocrx_word' id='word_1_61' title='bbox 557 1030 721 1112; x_wconf 83' lang='lat' dir='ltr'>Religiosus</span> <span class='ocrx_word' id='word_1_62' title='bbox 745 1032 803 1095; x_wconf 88' lang='lat' dir='ltr'>alia</span> <span class='ocrx_word' id='word_1_63' title='bbox 819 1053 828 1102; x_wconf 90' lang='lat'>;</span> <span class='ocrx_word' id='word_1_64' title='bbox 845 1033 926 1107; x_wconf 86' lang='lat' dir='ltr'>alia,</span> <span class='ocrx_word' id='word_1_65' title='bbox 940 1037 1004 1124; x_wconf 30' lang='lat' dir='ltr'>,qui</span> <span class='ocrx_word' id='word_1_66' title='bbox 1026 1036 1108 1099; x_wconf 88' lang='lat' dir='ltr'>nulla</span> <span class='ocrx_word' id='word_1_67' title='bbox 1125 1039 1184 1103; x_wconf 60' lang='grc' dir='ltr'>ΚΕ·</span> 
     </span>
    </p>
   </div>
   <div class='ocr_carea' id='block_1_3' title="bbox 205 1109 1251 3986">
    <p class='ocr_par' dir='ltr' id='par_1_3' title="bbox 205 1109 1251 3986">
     <span class='ocr_line' id='line_1_9' title="bbox 220 1109 1184 1194; baseline 0.006 -21"><span class='ocrx_word' id='word_1_68' title='bbox 220 1112 334 1194; x_wconf 87' lang='lat' dir='ltr'>ligione</span> <span class='ocrx_word' id='word_1_69' title='bbox 357 1109 392 1174; x_wconf 87' lang='lat' dir='ltr'>srt</span> <span class='ocrx_word' id='word_1_70' title='bbox 412 1110 577 1184; x_wconf 68' lang='lat' dir='ltr'>adilrisius,</span> <span class='ocrx_word' id='word_1_71' title='bbox 597 1112 751 1173; x_wconf 88' lang='lat' dir='ltr'>convenire</span> <span class='ocrx_word' id='word_1_72' title='bbox 774 1111 889 1174; x_wconf 89' lang='lat' dir='ltr'>videtur</span> <span class='ocrx_word' id='word_1_73' title='bbox 907 1133 915 1183; x_wconf 84' lang='lat'>3</span> <span class='ocrx_word' id='word_1_74' title='bbox 938 1130 981 1175; x_wconf 85' lang='lat' dir='ltr'>rra</span> <span class='ocrx_word' id='word_1_75' title='bbox 1000 1114 1031 1175; x_wconf 76' lang='grc' dir='ltr'>ἃ</span> <span class='ocrx_word' id='word_1_76' title='bbox 1051 1116 1082 1177; x_wconf 90' lang='lat' dir='ltr'>in</span> <span class='ocrx_word' id='word_1_77' title='bbox 1101 1135 1184 1179; x_wconf 86' lang='lat' dir='ltr'>caete·</span> 
     </span>
     <span class='ocr_line' id='line_1_10' title="bbox 220 1190 1183 1279; baseline 0.007 -26"><span class='ocrx_word' id='word_1_78' title='bbox 220 1192 288 1256; x_wconf 81' lang='lat' dir='ltr'>ris·</span> <span class='ocrx_word' id='word_1_79' title='bbox 309 1194 408 1267; x_wconf 84' lang='lat' dir='ltr'><strong>Quare</strong></span> <span class='ocrx_word' id='word_1_80' title='bbox 428 1191 459 1252; x_wconf 89' lang='lat' dir='ltr'>in</span> <span class='ocrx_word' id='word_1_81' title='bbox 480 1191 582 1271; x_wconf 89' lang='lat' dir='ltr'>primis</span> <span class='ocrx_word' id='word_1_82' title='bbox 603 1190 652 1251; x_wconf 89' lang='lat' dir='ltr'>ille</span> <span class='ocrx_word' id='word_1_83' title='bbox 672 1191 747 1252; x_wconf 72' lang='lat' dir='ltr'>reste</span> <span class='ocrx_word' id='word_1_84' title='bbox 769 1190 800 1253; x_wconf 77' lang='grc' dir='ltr'>δι</span> <span class='ocrx_word' id='word_1_85' title='bbox 822 1192 975 1271; x_wconf 86' lang='lat' dir='ltr'>prudenter</span> <span class='ocrx_word' id='word_1_86' title='bbox 994 1194 1099 1270; x_wconf 90' lang='lat' dir='ltr'>videt,</span> <span class='ocrx_word' id='word_1_87' title='bbox 1129 1198 1183 1279; x_wconf 88' lang='lat' dir='ltr'>qui</span> 
     </span>
     <span class='ocr_line' id='line_1_11' title="bbox 220 1269 1182 1345; baseline 0.007 -14"><span class='ocrx_word' id='word_1_88' title='bbox 220 1269 358 1334; x_wconf 85' lang='lat' dir='ltr'>soeminas</span> <span class='ocrx_word' id='word_1_89' title='bbox 379 1270 460 1333; x_wconf 90' lang='lat' dir='ltr'>domi</span> <span class='ocrx_word' id='word_1_90' title='bbox 481 1290 543 1331; x_wconf 84' lang='lat' dir='ltr'>rem</span> <span class='ocrx_word' id='word_1_91' title='bbox 564 1290 662 1331; x_wconf 89' lang='lat' dir='ltr'>curare</span> <span class='ocrx_word' id='word_1_92' title='bbox 682 1269 883 1345; x_wconf 83' lang='lat' dir='ltr'>familiarem,</span> <span class='ocrx_word' id='word_1_93' title='bbox 905 1273 999 1333; x_wconf 91' lang='lat' dir='ltr'>virum</span> <span class='ocrx_word' id='word_1_94' title='bbox 1021 1272 1090 1335; x_wconf 88' lang='lat' dir='ltr'>soris</span> <span class='ocrx_word' id='word_1_95' title='bbox 1112 1297 1182 1338; x_wconf 91' lang='lat' dir='ltr'>cum</span> 
     </span>
     <span class='ocr_line' id='line_1_12' title="bbox 220 1348 1182 1433; baseline 0.003 -20"><span class='ocrx_word' id='word_1_96' title='bbox 220 1348 359 1413; x_wconf 85' lang='lat' dir='ltr'>familiari</span> <span class='ocrx_word' id='word_1_97' title='bbox 375 1350 522 1431; x_wconf 76' lang='lat' dir='ltr'>publicam</span> <span class='ocrx_word' id='word_1_98' title='bbox 538 1369 652 1431; x_wconf 85' lang='lat' dir='ltr'>gerere,</span> <span class='ocrx_word' id='word_1_99' title='bbox 674 1352 801 1431; x_wconf 90' lang='lat' dir='ltr'>primum</span> <span class='ocrx_word' id='word_1_100' title='bbox 819 1349 957 1411; x_wconf 88' lang='lat' dir='ltr'>instituit.</span> <span class='ocrx_word' id='word_1_101' title='bbox 980 1354 1084 1433; x_wconf 84' lang='lat' dir='ltr'>Neque</span> <span class='ocrx_word' id='word_1_102' title='bbox 1101 1359 1182 1416; x_wconf 90' lang='lat' dir='ltr'>enim</span> 
     </span>
     <span class='ocr_line' id='line_1_13' title="bbox 221 1429 1182 1514; baseline 0.002 -21"><span class='ocrx_word' id='word_1_103' title='bbox 221 1430 265 1493; x_wconf 72' lang='lat' dir='ltr'>ba</span> <span class='ocrx_word' id='word_1_104' title='bbox 288 1431 357 1493; x_wconf 89' lang='lat' dir='ltr'>satis</span> <span class='ocrx_word' id='word_1_105' title='bbox 381 1429 609 1493; x_wconf 73' lang='lat' dir='ltr'>commodetur</span> <span class='ocrx_word' id='word_1_106' title='bbox 634 1449 700 1491; x_wconf 91' lang='lat' dir='ltr'>cum</span> <span class='ocrx_word' id='word_1_107' title='bbox 726 1444 839 1492; x_wconf 92' lang='lat' dir='ltr'>uterum</span> <span class='ocrx_word' id='word_1_108' title='bbox 864 1445 994 1514; x_wconf 87' lang='lat' dir='ltr'>gerunt,</span> <span class='ocrx_word' id='word_1_109' title='bbox 1019 1448 1070 1493; x_wconf 87' lang='lat' dir='ltr'>aut</span> <span class='ocrx_word' id='word_1_110' title='bbox 1086 1432 1182 1495; x_wconf 82' lang='lat' dir='ltr'>ins-an·</span> 
     </span>
     <span class='ocr_line' id='line_1_14' title="bbox 205 1507 1180 1590; baseline 0.002 -17"><span class='ocrx_word' id='word_1_111' title='bbox 205 1527 265 1577; x_wconf 84' lang='lat' dir='ltr'>tes</span> <span class='ocrx_word' id='word_1_112' title='bbox 282 1510 417 1573; x_wconf 85' lang='lat' dir='ltr'>uberibus</span> <span class='ocrx_word' id='word_1_113' title='bbox 434 1508 543 1582; x_wconf 85' lang='lat' dir='ltr'>alunt,</span> <span class='ocrx_word' id='word_1_114' title='bbox 566 1509 739 1589; x_wconf 87' lang='lat' dir='ltr'>Legationes</span> <span class='ocrx_word' id='word_1_115' title='bbox 757 1507 872 1571; x_wconf 90' lang='lat' dir='ltr'>obirent</span> <span class='ocrx_word' id='word_1_116' title='bbox 887 1530 896 1581; x_wconf 82' lang='lat'>3</span> <span class='ocrx_word' id='word_1_117' title='bbox 921 1508 1098 1590; x_wconf 79' lang='lat' dir='ltr'>longissimas</span> <span class='ocrx_word' id='word_1_118' title='bbox 1115 1514 1180 1575; x_wconf 87' lang='lat' dir='ltr'>vias</span> 
     </span>
     <span class='ocr_line' id='line_1_15' title="bbox 219 1587 1182 1672; baseline 0.003 -21"><span class='ocrx_word' id='word_1_119' title='bbox 219 1610 272 1672; x_wconf 87' lang='lat' dir='ltr'>per</span> <span class='ocrx_word' id='word_1_120' title='bbox 296 1588 446 1670; x_wconf 84' lang='lat' dir='ltr'>disposrtos</span> <span class='ocrx_word' id='word_1_121' title='bbox 480 1607 569 1670; x_wconf 88' lang='lat' dir='ltr'>equos</span> <span class='ocrx_word' id='word_1_122' title='bbox 600 1588 679 1669; x_wconf 84' lang='lat' dir='ltr'>quasr</span> <span class='ocrx_word' id='word_1_123' title='bbox 711 1587 908 1660; x_wconf 85' lang='lat' dir='ltr'>devorarent3</span> <span class='ocrx_word' id='word_1_124' title='bbox 934 1590 1080 1652; x_wconf 90' lang='lat' dir='ltr'>montium</span> <span class='ocrx_word' id='word_1_125' title='bbox 1104 1591 1182 1654; x_wconf 88' lang='lat' dir='ltr'>diffi-</span> 
     </span>
     <span class='ocr_line' id='line_1_16' title="bbox 219 1668 1181 1751; baseline 0.005 -20"><span class='ocrx_word' id='word_1_126' title='bbox 219 1668 362 1731; x_wconf 88' lang='lat' dir='ltr'>cultatem</span> <span class='ocrx_word' id='word_1_127' title='bbox 388 1668 577 1750; x_wconf 72' lang='lat' dir='ltr'>superarentt</span> <span class='ocrx_word' id='word_1_128' title='bbox 601 1668 711 1729; x_wconf 91' lang='lat' dir='ltr'>bellum</span> <span class='ocrx_word' id='word_1_129' title='bbox 734 1684 891 1748; x_wconf 89' lang='lat' dir='ltr'>gererent;</span> <span class='ocrx_word' id='word_1_130' title='bbox 921 1689 1014 1751; x_wconf 89' lang='lat' dir='ltr'>neque</span> <span class='ocrx_word' id='word_1_131' title='bbox 1042 1670 1073 1731; x_wconf 91' lang='lat' dir='ltr'>in</span> <span class='ocrx_word' id='word_1_132' title='bbox 1102 1672 1181 1736; x_wconf 87' lang='lat' dir='ltr'>Urbe</span> 
     </span>
     <span class='ocr_line' id='line_1_17' title="bbox 219 1744 1182 1830; baseline 0.002 -20"><span class='ocrx_word' id='word_1_133' title='bbox 219 1750 338 1830; x_wconf 83' lang='lat' dir='ltr'>privata</span> <span class='ocrx_word' id='word_1_134' title='bbox 353 1748 390 1810; x_wconf 91' lang='lat' dir='ltr'>ad</span> <span class='ocrx_word' id='word_1_135' title='bbox 414 1747 498 1811; x_wconf 89' lang='lat' dir='ltr'>usum</span> <span class='ocrx_word' id='word_1_136' title='bbox 514 1744 633 1809; x_wconf 81' lang='lat' dir='ltr'>semiliae</span> <span class='ocrx_word' id='word_1_137' title='bbox 650 1745 717 1808; x_wconf 90' lang='lat' dir='ltr'>satis</span> <span class='ocrx_word' id='word_1_138' title='bbox 726 1763 914 1828; x_wconf 82' lang='lat' dir='ltr'>procurarent</span> <span class='ocrx_word' id='word_1_139' title='bbox 922 1770 933 1818; x_wconf 90' lang='lat'>,·</span> <span class='ocrx_word' id='word_1_140' title='bbox 954 1766 1005 1814; x_wconf 86' lang='lat' dir='ltr'>aut</span> <span class='ocrx_word' id='word_1_141' title='bbox 1024 1747 1093 1811; x_wconf 88' lang='lat' dir='ltr'>soris</span> <span class='ocrx_word' id='word_1_142' title='bbox 1109 1752 1182 1812; x_wconf 86' lang='lat' dir='ltr'>ami-</span> 
     </span>
     <span class='ocr_line' id='line_1_18' title="bbox 219 1825 1181 1910; baseline 0.002 -19"><span class='ocrx_word' id='word_1_143' title='bbox 219 1830 261 1891; x_wconf 90' lang='lat' dir='ltr'>cis</span> <span class='ocrx_word' id='word_1_144' title='bbox 285 1828 386 1909; x_wconf 75' lang='lat' dir='ltr'>praello</span> <span class='ocrx_word' id='word_1_145' title='bbox 411 1826 524 1899; x_wconf 75' lang='lat' dir='ltr'>client,</span> <span class='ocrx_word' id='word_1_146' title='bbox 549 1842 599 1887; x_wconf 86' lang='lat' dir='ltr'>aut</span> <span class='ocrx_word' id='word_1_147' title='bbox 624 1827 655 1887; x_wconf 91' lang='lat' dir='ltr'>in</span> <span class='ocrx_word' id='word_1_148' title='bbox 679 1847 750 1909; x_wconf 86' lang='lat' dir='ltr'>agro</span> <span class='ocrx_word' id='word_1_149' title='bbox 776 1825 917 1889; x_wconf 74' lang='lat' dir='ltr'>assiduum</span> <span class='ocrx_word' id='word_1_150' title='bbox 948 1849 1020 1909; x_wconf 90' lang='lat' dir='ltr'>opus</span> <span class='ocrx_word' id='word_1_151' title='bbox 1044 1851 1181 1910; x_wconf 88' lang='lat' dir='ltr'>agerent,</span> 
     </span>
     <span class='ocr_line' id='line_1_19' title="bbox 219 1904 1181 1984; baseline 0.004 -14"><span class='ocrx_word' id='word_1_152' title='bbox 219 1924 362 1984; x_wconf 80' lang='lat' dir='ltr'>ararent„</span> <span class='ocrx_word' id='word_1_153' title='bbox 387 1904 517 1971; x_wconf 80' lang='lat' dir='ltr'>foderent</span> <span class='ocrx_word' id='word_1_154' title='bbox 535 1949 545 1980; x_wconf 92' lang='lat'>,</span> <span class='ocrx_word' id='word_1_155' title='bbox 566 1907 682 1969; x_wconf 83' lang='lat' dir='ltr'>messem</span> <span class='ocrx_word' id='word_1_156' title='bbox 705 1905 904 1969; x_wconf 86' lang='lat' dir='ltr'>conficerent.</span> <span class='ocrx_word' id='word_1_157' title='bbox 927 1907 1038 1971; x_wconf 74' lang='lat' dir='ltr'>Caetera</span> <span class='ocrx_word' id='word_1_158' title='bbox 1056 1910 1120 1971; x_wconf 91' lang='lat' dir='ltr'>sunt</span> <span class='ocrx_word' id='word_1_159' title='bbox 1137 1914 1181 1974; x_wconf 70' lang='lat' dir='ltr'>in⁴</span> 
     </span>
     <span class='ocr_line' id='line_1_20' title="bbox 219 1985 1180 2126; baseline 0.003 -77"><span class='ocrx_word' id='word_1_160' title='bbox 219 1986 331 2063; x_wconf 88' lang='lat' dir='ltr'>finita,</span> <span class='ocrx_word' id='word_1_161' title='bbox 357 2006 421 2068; x_wconf 83' lang='lat' dir='ltr'>quae</span> <span class='ocrx_word' id='word_1_162' title='bbox 446 1986 492 2050; x_wconf 88' lang='lat' dir='ltr'>isti</span> <span class='ocrx_word' id='word_1_163' title='bbox 517 1987 615 2075; x_wconf 84' lang='lat' dir='ltr'>generi</span> <span class='ocrx_word' id='word_1_164' title='bbox 641 1985 706 2049; x_wconf 90' lang='lat' dir='ltr'>sunt</span> <span class='ocrx_word' id='word_1_165' title='bbox 731 1985 873 2067; x_wconf 82' lang='lat' dir='ltr'>provisa3</span> <span class='ocrx_word' id='word_1_166' title='bbox 899 1986 985 2126; x_wconf 57' lang='lat' dir='ltr'>idrpue</span> <span class='ocrx_word' id='word_1_167' title='bbox 1010 1989 1041 2048; x_wconf 89' lang='lat' dir='ltr'>in</span> <span class='ocrx_word' id='word_1_168' title='bbox 1059 1990 1180 2069; x_wconf 88' lang='lat' dir='ltr'>primis,</span> 
     </span>
     <span class='ocr_line' id='line_1_21' title="bbox 220 2064 1181 2140; baseline 0.002 -11"><span class='ocrx_word' id='word_1_169' title='bbox 220 2083 254 2129; x_wconf 93' lang='lat' dir='ltr'>ut</span> <span class='ocrx_word' id='word_1_170' title='bbox 278 2065 316 2128; x_wconf 93' lang='lat' dir='ltr'>ab</span> <span class='ocrx_word' id='word_1_171' title='bbox 340 2066 422 2128; x_wconf 92' lang='lat' dir='ltr'>omni</span> <span class='ocrx_word' id='word_1_172' title='bbox 447 2065 578 2140; x_wconf 81' lang='lat' dir='ltr'>injuria,</span> <span class='ocrx_word' id='word_1_173' title='bbox 604 2066 696 2127; x_wconf 87' lang='lat' dir='ltr'>velsr</span> <span class='ocrx_word' id='word_1_174' title='bbox 727 2086 762 2126; x_wconf 89' lang='lat' dir='ltr'>ea</span> <span class='ocrx_word' id='word_1_175' title='bbox 793 2064 911 2127; x_wconf 88' lang='lat' dir='ltr'>summa·</span> <span class='ocrx_word' id='word_1_176' title='bbox 959 2067 1087 2129; x_wconf 89' lang='lat' dir='ltr'>ominem</span> <span class='ocrx_word' id='word_1_177' title='bbox 1112 2070 1181 2132; x_wconf 80' lang='lat' dir='ltr'>asi&#39;e-</span> 
     </span>
     <span class='ocr_line' id='line_1_22' title="bbox 220 2143 1179 2222; baseline 0.003 -15"><span class='ocrx_word' id='word_1_178' title='bbox 220 2148 336 2221; x_wconf 86' lang='lat' dir='ltr'>cerint‚</span> <span class='ocrx_word' id='word_1_179' title='bbox 362 2146 490 2207; x_wconf 79' lang='lat' dir='ltr'>maxime</span> <span class='ocrx_word' id='word_1_180' title='bbox 513 2143 568 2207; x_wconf 87' lang='lat' dir='ltr'>srnt</span> <span class='ocrx_word' id='word_1_181' title='bbox 591 2143 710 2206; x_wconf 81' lang='lat' dir='ltr'>liberae.</span> <span class='ocrx_word' id='word_1_182' title='bbox 736 2144 836 2206; x_wconf 90' lang='lat' dir='ltr'>Nimis</span> <span class='ocrx_word' id='word_1_183' title='bbox 861 2147 940 2205; x_wconf 88' lang='lat' dir='ltr'>enim</span> <span class='ocrx_word' id='word_1_184' title='bbox 966 2148 1024 2208; x_wconf 81' lang='lat' dir='ltr'>vile</span> <span class='ocrx_word' id='word_1_185' title='bbox 1054 2148 1117 2222; x_wconf 88' lang='lat' dir='ltr'>est,</span> <span class='ocrx_word' id='word_1_186' title='bbox 1147 2151 1179 2210; x_wconf 87' lang='lat' dir='ltr'>in</span> 
     </span>
     <span class='ocr_line' id='line_1_23' title="bbox 220 2223 1180 2308; baseline 0.002 -22"><span class='ocrx_word' id='word_1_187' title='bbox 220 2223 375 2290; x_wconf 84' lang='lat' dir='ltr'>soemiuam</span> <span class='ocrx_word' id='word_1_188' title='bbox 400 2224 506 2299; x_wconf 86' lang='lat' dir='ltr'>irasci,</span> <span class='ocrx_word' id='word_1_189' title='bbox 531 2240 619 2308; x_wconf 87' lang='lat' dir='ltr'>atque</span> <span class='ocrx_word' id='word_1_190' title='bbox 643 2244 745 2285; x_wconf 90' lang='lat' dir='ltr'>manus</span> <span class='ocrx_word' id='word_1_191' title='bbox 763 2243 897 2285; x_wconf 86' lang='lat' dir='ltr'>armare.</span> <span class='ocrx_word' id='word_1_192' title='bbox 923 2225 964 2285; x_wconf 89' lang='lat' dir='ltr'>Ut</span> <span class='ocrx_word' id='word_1_193' title='bbox 979 2225 1180 2306; x_wconf 86' lang='lat' dir='ltr'>equidemve·</span> 
     </span>
     <span class='ocr_line' id='line_1_24' title="bbox 220 2301 1251 2383; baseline -0.002 -18"><span class='ocrx_word' id='word_1_194' title='bbox 220 2326 316 2382; x_wconf 87' lang='lat' dir='ltr'>rear,</span> <span class='ocrx_word' id='word_1_195' title='bbox 356 2324 395 2366; x_wconf 88' lang='lat' dir='ltr'>an</span> <span class='ocrx_word' id='word_1_196' title='bbox 436 2304 554 2366; x_wconf 88' lang='lat' dir='ltr'>Horatii</span> <span class='ocrx_word' id='word_1_197' title='bbox 587 2323 691 2364; x_wconf 89' lang='lat' dir='ltr'>manus</span> <span class='ocrx_word' id='word_1_198' title='bbox 716 2324 751 2365; x_wconf 85' lang='lat' dir='ltr'>ex</span> <span class='ocrx_word' id='word_1_199' title='bbox 786 2301 888 2363; x_wconf 87' lang='lat' dir='ltr'>sororis</span> <span class='ocrx_word' id='word_1_200' title='bbox 928 2304 1065 2383; x_wconf 81' lang='lat' dir='ltr'>sanguine</span> <span class='ocrx_word' id='word_1_201' title='bbox 1099 2304 1178 2367; x_wconf 79' lang='lat' dir='ltr'>sese</span> <span class='ocrx_word' id='word_1_202' title='bbox 1249 2358 1251 2363; x_wconf 89' lang='lat'>.</span> 
     </span>
     <span class='ocr_line' id='line_1_25' title="bbox 221 2379 1178 2523; baseline -0.001 -76"><span class='ocrx_word' id='word_1_203' title='bbox 221 2386 317 2477; x_wconf 86' lang='lat' dir='ltr'>magis</span> <span class='ocrx_word' id='word_1_204' title='bbox 345 2384 610 2457; x_wconf 87' lang='lat' dir='ltr'>contaminarint,</span> <span class='ocrx_word' id='word_1_205' title='bbox 648 2402 741 2523; x_wconf 70' lang='lat' dir='ltr'>puam</span> <span class='ocrx_word' id='word_1_206' title='bbox 767 2381 798 2442; x_wconf 90' lang='lat' dir='ltr'>in</span> <span class='ocrx_word' id='word_1_207' title='bbox 831 2379 931 2442; x_wconf 83' lang='lat' dir='ltr'>tribus</span> <span class='ocrx_word' id='word_1_208' title='bbox 955 2380 1089 2445; x_wconf 87' lang='lat' dir='ltr'>fratribus</span> <span class='ocrx_word' id='word_1_209' title='bbox 1117 2383 1178 2447; x_wconf 78' lang='lat' dir='ltr'>Cu·</span> 
     </span>
     <span class='ocr_line' id='line_1_26' title="bbox 222 2459 1231 2545; baseline -0.001 -18"><span class='ocrx_word' id='word_1_210' title='bbox 222 2466 317 2530; x_wconf 85' lang='lat' dir='ltr'>riatris</span> <span class='ocrx_word' id='word_1_211' title='bbox 355 2461 505 2529; x_wconf 83' lang='lat' dir='ltr'>sortiffime</span> <span class='ocrx_word' id='word_1_212' title='bbox 540 2461 613 2529; x_wconf 80' lang='lat' dir='ltr'>caesrs</span> <span class='ocrx_word' id='word_1_213' title='bbox 659 2482 676 2524; x_wconf 91' lang='lat' dir='ltr'>e</span> <span class='ocrx_word' id='word_1_214' title='bbox 703 2459 730 2523; x_wconf 90' lang='lat' dir='ltr'>se</span> <span class='ocrx_word' id='word_1_215' title='bbox 753 2460 992 2523; x_wconf 82' lang='lat' dir='ltr'>cohonestarint.</span> <span class='ocrx_word' id='word_1_216' title='bbox 1017 2464 1121 2545; x_wconf 86' lang='lat' dir='ltr'>Neque</span> <span class='ocrx_word' id='word_1_217' title='bbox 1151 2486 1181 2527; x_wconf 86' lang='lat' dir='ltr'>e·</span> <span class='ocrx_word' id='word_1_218' title='bbox 1225 2477 1231 2490; x_wconf 85' lang='grc'><em>·</em></span> 
     </span>
     <span class='ocr_line' id='line_1_27' title="bbox 221 2540 1179 2619; baseline -0.001 -13"><span class='ocrx_word' id='word_1_219' title='bbox 221 2544 283 2606; x_wconf 89' lang='lat' dir='ltr'>nim</span> <span class='ocrx_word' id='word_1_220' title='bbox 318 2558 381 2609; x_wconf 88' lang='lat' dir='ltr'>tam</span> <span class='ocrx_word' id='word_1_221' title='bbox 415 2542 572 2608; x_wconf 83' lang='lat' dir='ltr'>sororicidii</span> <span class='ocrx_word' id='word_1_222' title='bbox 595 2540 710 2612; x_wconf 78' lang='lat' dir='ltr'>Iudicio</span> <span class='ocrx_word' id='word_1_223' title='bbox 742 2541 883 2603; x_wconf 85' lang='lat' dir='ltr'>exercitus</span> <span class='ocrx_word' id='word_1_224' title='bbox 909 2541 948 2603; x_wconf 89' lang='lat' dir='ltr'>est</span> <span class='ocrx_word' id='word_1_225' title='bbox 980 2540 1014 2602; x_wconf 88' lang='lat' dir='ltr'>ad</span> <span class='ocrx_word' id='word_1_226' title='bbox 1039 2542 1179 2619; x_wconf 88' lang='lat' dir='ltr'>Judices,</span> 
     </span>
     <span class='ocr_line' id='line_1_28' title="bbox 242 2619 1243 2704; baseline -0.004 -15"><span class='ocrx_word' id='word_1_227' title='bbox 242 2644 312 2689; x_wconf 88' lang='lat' dir='ltr'>uam</span> <span class='ocrx_word' id='word_1_228' title='bbox 338 2624 428 2686; x_wconf 86' lang='lat' dir='ltr'>eriam</span> <span class='ocrx_word' id='word_1_229' title='bbox 459 2623 568 2704; x_wconf 88' lang='lat' dir='ltr'>pravi,</span> <span class='ocrx_word' id='word_1_230' title='bbox 591 2641 624 2683; x_wconf 86' lang='lat' dir='ltr'>ac</span> <span class='ocrx_word' id='word_1_231' title='bbox 657 2619 803 2683; x_wconf 89' lang='lat' dir='ltr'>temerarii</span> <span class='ocrx_word' id='word_1_232' title='bbox 833 2619 937 2695; x_wconf 92' lang='lat' dir='ltr'>Judicii</span> <span class='ocrx_word' id='word_1_233' title='bbox 963 2641 980 2683; x_wconf 89' lang='lat' dir='ltr'>a</span> <span class='ocrx_word' id='word_1_234' title='bbox 1006 2622 1113 2684; x_wconf 86' lang='lat' dir='ltr'>caeteris</span> <span class='ocrx_word' id='word_1_235' title='bbox 1139 2626 1180 2685; x_wconf 90' lang='lat' dir='ltr'>est</span> <span class='ocrx_word' id='word_1_236' title='bbox 1240 2643 1243 2650; x_wconf 73' lang='grc'><em>’</em></span> 
     </span>
     <span class='ocr_line' id='line_1_29' title="bbox 290 2698 1180 2784; baseline 0.001 -19"><span class='ocrx_word' id='word_1_237' title='bbox 290 2719 406 2774; x_wconf 83' lang='lat' dir='ltr'>natus3</span> <span class='ocrx_word' id='word_1_238' title='bbox 436 2702 489 2784; x_wconf 91' lang='lat' dir='ltr'>qui</span> <span class='ocrx_word' id='word_1_239' title='bbox 511 2702 532 2768; x_wconf 84' lang='lat' dir='ltr'>sr</span> <span class='ocrx_word' id='word_1_240' title='bbox 556 2700 707 2767; x_wconf 87' lang='lat' dir='ltr'>foeminam</span> <span class='ocrx_word' id='word_1_241' title='bbox 732 2720 781 2761; x_wconf 86' lang='lat' dir='ltr'>eos</span> <span class='ocrx_word' id='word_1_242' title='bbox 801 2702 915 2784; x_wconf 82' lang='lat' dir='ltr'>questus</span> <span class='ocrx_word' id='word_1_243' title='bbox 939 2702 1020 2763; x_wconf 86' lang='lat' dir='ltr'>edere</span> <span class='ocrx_word' id='word_1_244' title='bbox 1043 2698 1056 2784; x_wconf 91' lang='lat'><strong>[</strong></span> <span class='ocrx_word' id='word_1_245' title='bbox 1079 2718 1112 2764; x_wconf 93' lang='lat' dir='ltr'>ut</span> <span class='ocrx_word' id='word_1_246' title='bbox 1134 2704 1180 2766; x_wconf 89' lang='lat' dir='ltr'>illi</span> 
     </span>
     <span class='ocr_line' id='line_1_30' title="bbox 220 2779 1181 2867; baseline 0.001 -21"><span class='ocrx_word' id='word_1_247' title='bbox 220 2782 324 2867; x_wconf 78' lang='lat' dir='ltr'>Sponfi</span> <span class='ocrx_word' id='word_1_248' title='bbox 341 2801 449 2845; x_wconf 89' lang='lat' dir='ltr'>nomen</span> <span class='ocrx_word' id='word_1_249' title='bbox 464 2780 625 2844; x_wconf 90' lang='lat' dir='ltr'>condonem</span> <span class='ocrx_word' id='word_1_250' title='bbox 641 2779 653 2862; x_wconf 93' lang='grc'><strong>]</strong></span> <span class='ocrx_word' id='word_1_251' title='bbox 674 2780 939 2854; x_wconf 63' lang='lat' dir='ltr'>animadvertissem</span> <span class='ocrx_word' id='word_1_252' title='bbox 959 2803 993 2845; x_wconf 87' lang='lat' dir='ltr'>ac</span> <span class='ocrx_word' id='word_1_253' title='bbox 1008 2801 1098 2865; x_wconf 87' lang='lat' dir='ltr'>quam</span> <span class='ocrx_word' id='word_1_254' title='bbox 1114 2805 1181 2865; x_wconf 86' lang='lat' dir='ltr'>pru·</span> 
     </span>
     <span class='ocr_line' id='line_1_31' title="bbox 221 2860 1181 2943; baseline -0.001 -17"><span class='ocrx_word' id='word_1_255' title='bbox 221 2864 379 2939; x_wconf 89' lang='lat' dir='ltr'>dentiam,</span> <span class='ocrx_word' id='word_1_256' title='bbox 408 2879 496 2943; x_wconf 90' lang='lat' dir='ltr'>atque</span> <span class='ocrx_word' id='word_1_257' title='bbox 525 2861 671 2933; x_wconf 74' lang='lat' dir='ltr'>Iudicium</span> <span class='ocrx_word' id='word_1_258' title='bbox 698 2861 730 2927; x_wconf 88' lang='lat' dir='ltr'>in</span> <span class='ocrx_word' id='word_1_259' title='bbox 757 2860 915 2941; x_wconf 87' lang='lat' dir='ltr'>pugnando</span> <span class='ocrx_word' id='word_1_260' title='bbox 935 2863 1023 2942; x_wconf 89' lang='lat' dir='ltr'>paulo</span> <span class='ocrx_word' id='word_1_261' title='bbox 1042 2880 1110 2924; x_wconf 86' lang='lat' dir='ltr'>ante</span> <span class='ocrx_word' id='word_1_262' title='bbox 1131 2864 1181 2926; x_wconf 88' lang='lat' dir='ltr'>de·</span> 
     </span>
     <span class='ocr_line' id='line_1_32' title="bbox 221 2940 1180 3016; baseline -0.002 -10"><span class='ocrx_word' id='word_1_263' title='bbox 221 2942 455 3016; x_wconf 81' lang='lat' dir='ltr'>monstraverat,</span> <span class='ocrx_word' id='word_1_264' title='bbox 476 2955 538 3002; x_wconf 88' lang='lat' dir='ltr'>tam</span> <span class='ocrx_word' id='word_1_265' title='bbox 560 2940 679 3015; x_wconf 88' lang='lat' dir='ltr'>subito,</span> <span class='ocrx_word' id='word_1_266' title='bbox 700 2957 761 3002; x_wconf 88' lang='lat' dir='ltr'>tam</span> <span class='ocrx_word' id='word_1_267' title='bbox 782 2940 944 3002; x_wconf 87' lang='lat' dir='ltr'>inconsulte</span> <span class='ocrx_word' id='word_1_268' title='bbox 965 2962 1025 3002; x_wconf 89' lang='lat' dir='ltr'>non</span> <span class='ocrx_word' id='word_1_269' title='bbox 1046 2942 1180 3004; x_wconf 84' lang='lat' dir='ltr'>deseruis-</span> 
     </span>
     <span class='ocr_line' id='line_1_33' title="bbox 221 3018 1178 3104; baseline -0.003 -19"><span class='ocrx_word' id='word_1_270' title='bbox 221 3025 280 3102; x_wconf 88' lang='lat' dir='ltr'>set,</span> <span class='ocrx_word' id='word_1_271' title='bbox 300 3041 454 3104; x_wconf 88' lang='lat' dir='ltr'>nunquam</span> <span class='ocrx_word' id='word_1_272' title='bbox 476 3020 597 3088; x_wconf 81' lang='lat' dir='ltr'>salutem</span> <span class='ocrx_word' id='word_1_273' title='bbox 612 3018 693 3081; x_wconf 89' lang='lat' dir='ltr'>suam</span> <span class='ocrx_word' id='word_1_274' title='bbox 713 3020 744 3082; x_wconf 91' lang='lat' dir='ltr'>in</span> <span class='ocrx_word' id='word_1_275' title='bbox 767 3019 796 3081; x_wconf 94' lang='lat' dir='ltr'>id</span> <span class='ocrx_word' id='word_1_276' title='bbox 817 3020 988 3081; x_wconf 89' lang='lat' dir='ltr'>discriminis</span> <span class='ocrx_word' id='word_1_277' title='bbox 1005 3020 1178 3096; x_wconf 85' lang='lat' dir='ltr'>adduxisset,</span> 
     </span>
     <span class='ocr_line' id='line_1_34' title="bbox 221 3096 1179 3179; baseline -0.006 -13"><span class='ocrx_word' id='word_1_278' title='bbox 221 3102 398 3166; x_wconf 87' lang='lat' dir='ltr'>&amp;sororem</span> <span class='ocrx_word' id='word_1_279' title='bbox 419 3099 581 3173; x_wconf 88' lang='lat' dir='ltr'>habuisset,</span> <span class='ocrx_word' id='word_1_280' title='bbox 602 3099 649 3159; x_wconf 91' lang='lat' dir='ltr'>cui</span> <span class='ocrx_word' id='word_1_281' title='bbox 671 3097 804 3159; x_wconf 87' lang='lat' dir='ltr'>secundas</span> <span class='ocrx_word' id='word_1_282' title='bbox 835 3099 961 3179; x_wconf 86' lang='lat' dir='ltr'>Nuptias</span> <span class='ocrx_word' id='word_1_283' title='bbox 986 3096 1095 3159; x_wconf 88' lang='lat' dir='ltr'>felicius</span> <span class='ocrx_word' id='word_1_284' title='bbox 1111 3120 1179 3160; x_wconf 87' lang='lat' dir='ltr'>eon·</span> 
     </span>
     <span class='ocr_line' id='line_1_35' title="bbox 221 3176 1179 3258; baseline -0.005 -13"><span class='ocrx_word' id='word_1_285' title='bbox 221 3183 350 3246; x_wconf 88' lang='lat' dir='ltr'>ciliaret.</span> <span class='ocrx_word' id='word_1_286' title='bbox 370 3180 407 3242; x_wconf 92' lang='lat' dir='ltr'>ln</span> <span class='ocrx_word' id='word_1_287' title='bbox 425 3180 519 3245; x_wconf 86' lang='lat' dir='ltr'>senem</span> <span class='ocrx_word' id='word_1_288' title='bbox 535 3199 611 3240; x_wconf 49' lang='lat' dir='ltr'>&#39;veto</span> <span class='ocrx_word' id='word_1_289' title='bbox 632 3177 663 3239; x_wconf 74' lang='grc' dir='ltr'>δι</span> <span class='ocrx_word' id='word_1_290' title='bbox 684 3178 820 3258; x_wconf 89' lang='lat' dir='ltr'>ingenio,</span> <span class='ocrx_word' id='word_1_291' title='bbox 840 3177 871 3239; x_wconf 80' lang='grc' dir='ltr'>δι</span> <span class='ocrx_word' id='word_1_292' title='bbox 893 3176 1002 3239; x_wconf 90' lang='lat' dir='ltr'>vitibus</span> <span class='ocrx_word' id='word_1_293' title='bbox 1017 3176 1179 3242; x_wconf 63' lang='lat' dir='ltr'>confedurn</span> 
     </span>
     <span class='ocr_line' id='line_1_36' title="bbox 221 3255 1180 3347; baseline -0.005 -22"><span class='ocrx_word' id='word_1_294' title='bbox 221 3263 289 3347; x_wconf 85' lang='lat' dir='ltr'>quis</span> <span class='ocrx_word' id='word_1_295' title='bbox 309 3261 426 3335; x_wconf 78' lang='lat' dir='ltr'>serviat,</span> <span class='ocrx_word' id='word_1_296' title='bbox 446 3260 500 3323; x_wconf 77' lang='lat' dir='ltr'>nist</span> <span class='ocrx_word' id='word_1_297' title='bbox 521 3255 636 3337; x_wconf 82' lang='lat' dir='ltr'>furens?</span> <span class='ocrx_word' id='word_1_298' title='bbox 657 3256 694 3319; x_wconf 83' lang='lat' dir='ltr'>In</span> <span class='ocrx_word' id='word_1_299' title='bbox 714 3276 861 3337; x_wconf 90' lang='lat' dir='ltr'>puerum,</span> <span class='ocrx_word' id='word_1_300' title='bbox 884 3273 971 3339; x_wconf 89' lang='lat' dir='ltr'>atque</span> <span class='ocrx_word' id='word_1_301' title='bbox 993 3258 1064 3319; x_wconf 85' lang='lat' dir='ltr'>adeo</span> <span class='ocrx_word' id='word_1_302' title='bbox 1086 3258 1180 3321; x_wconf 77' lang='lat' dir='ltr'>inson-</span> 
     </span>
     <span class='ocr_line' id='line_1_37' title="bbox 220 3336 1182 3420; baseline -0.003 -16"><span class='ocrx_word' id='word_1_303' title='bbox 220 3358 282 3405; x_wconf 89' lang='lat' dir='ltr'>tem</span> <span class='ocrx_word' id='word_1_304' title='bbox 303 3342 336 3403; x_wconf 88' lang='lat' dir='ltr'>in</span> <span class='ocrx_word' id='word_1_305' title='bbox 357 3342 437 3402; x_wconf 74' lang='lat' dir='ltr'>cernis</span> <span class='ocrx_word' id='word_1_306' title='bbox 458 3340 649 3420; x_wconf 83' lang='lat' dir='ltr'>vagientem,</span> <span class='ocrx_word' id='word_1_307' title='bbox 673 3353 706 3399; x_wconf 91' lang='lat' dir='ltr'>ut</span> <span class='ocrx_word' id='word_1_308' title='bbox 727 3336 757 3397; x_wconf 93' lang='lat' dir='ltr'>in</span> <span class='ocrx_word' id='word_1_309' title='bbox 779 3356 867 3418; x_wconf 89' lang='lat' dir='ltr'>quem</span> <span class='ocrx_word' id='word_1_310' title='bbox 887 3336 1021 3400; x_wconf 84' lang='lat' dir='ltr'>adversus</span> <span class='ocrx_word' id='word_1_311' title='bbox 1043 3339 1070 3399; x_wconf 90' lang='lat' dir='ltr'>se</span> <span class='ocrx_word' id='word_1_312' title='bbox 1099 3362 1182 3406; x_wconf 87' lang='lat' dir='ltr'>arma</span> 
     </span>
     <span class='ocr_line' id='line_1_38' title="bbox 221 3415 1180 3504; baseline -0.005 -19"><span class='ocrx_word' id='word_1_313' title='bbox 221 3418 403 3495; x_wconf 87' lang='lat' dir='ltr'>contulisset,</span> <span class='ocrx_word' id='word_1_314' title='bbox 423 3420 489 3502; x_wconf 92' lang='lat' dir='ltr'>quis</span> <span class='ocrx_word' id='word_1_315' title='bbox 511 3416 616 3481; x_wconf 89' lang='lat' dir='ltr'>serrum</span> <span class='ocrx_word' id='word_1_316' title='bbox 632 3434 802 3491; x_wconf 87' lang='lat' dir='ltr'>convertat,</span> <span class='ocrx_word' id='word_1_317' title='bbox 823 3416 875 3478; x_wconf 88' lang='lat' dir='ltr'>nisi</span> <span class='ocrx_word' id='word_1_318' title='bbox 892 3415 984 3480; x_wconf 78' lang='lat' dir='ltr'>furias</span> <span class='ocrx_word' id='word_1_319' title='bbox 1004 3418 1120 3504; x_wconf 89' lang='lat' dir='ltr'>Cuique</span> <span class='ocrx_word' id='word_1_320' title='bbox 1136 3421 1180 3481; x_wconf 83' lang='lat' dir='ltr'>vi-</span> 
     </span>
     <span class='ocr_line' id='line_1_39' title="bbox 221 3496 1181 3578; baseline -0.001 -15"><span class='ocrx_word' id='word_1_321' title='bbox 221 3501 328 3563; x_wconf 89' lang='lat' dir='ltr'>delicet</span> <span class='ocrx_word' id='word_1_322' title='bbox 347 3501 426 3562; x_wconf 85' lang='lat' dir='ltr'>aetati</span> <span class='ocrx_word' id='word_1_323' title='bbox 448 3499 530 3559; x_wconf 89' lang='lat' dir='ltr'>suum</span> <span class='ocrx_word' id='word_1_324' title='bbox 551 3497 622 3578; x_wconf 91' lang='lat' dir='ltr'>quid</span> <span class='ocrx_word' id='word_1_325' title='bbox 644 3498 794 3578; x_wconf 89' lang='lat' dir='ltr'>proprium</span> <span class='ocrx_word' id='word_1_326' title='bbox 816 3496 855 3559; x_wconf 88' lang='lat' dir='ltr'>est</span> <span class='ocrx_word' id='word_1_327' title='bbox 875 3498 1114 3562; x_wconf 87' lang='lat' dir='ltr'>condonandum.</span> <span class='ocrx_word' id='word_1_328' title='bbox 1139 3502 1181 3561; x_wconf 88' lang='grc' dir='ltr'>Α·</span> 
     </span>
     <span class='ocr_line' id='line_1_40' title="bbox 224 3576 1181 3649; baseline -0.004 -6"><span class='ocrx_word' id='word_1_329' title='bbox 224 3579 372 3643; x_wconf 89' lang='lat' dir='ltr'>dolesoens</span> <span class='ocrx_word' id='word_1_330' title='bbox 406 3600 442 3641; x_wconf 87' lang='lat' dir='ltr'>ex</span> <span class='ocrx_word' id='word_1_331' title='bbox 475 3597 572 3649; x_wconf 87' lang='lat' dir='ltr'>amore</span> <span class='ocrx_word' id='word_1_332' title='bbox 612 3576 716 3639; x_wconf 86' lang='lat' dir='ltr'>insanit</span> <span class='ocrx_word' id='word_1_333' title='bbox 742 3596 750 3637; x_wconf 92' lang='lat'>:</span> <span class='ocrx_word' id='word_1_334' title='bbox 781 3577 806 3637; x_wconf 81' lang='lat' dir='ltr'>is</span> <span class='ocrx_word' id='word_1_335' title='bbox 842 3577 901 3648; x_wconf 87' lang='lat' dir='ltr'>ejus</span> <span class='ocrx_word' id='word_1_336' title='bbox 938 3580 976 3641; x_wconf 87' lang='lat' dir='ltr'>est</span> <span class='ocrx_word' id='word_1_337' title='bbox 1011 3577 1090 3642; x_wconf 88' lang='lat' dir='ltr'>furor</span> <span class='ocrx_word' id='word_1_338' title='bbox 1114 3585 1181 3639; x_wconf 73' lang='lat' dir='ltr'>eta·</span> 
     </span>
     <span class='ocr_line' id='line_1_41' title="bbox 223 3654 1179 3738; baseline -0.004 -16"><span class='ocrx_word' id='word_1_339' title='bbox 223 3663 284 3722; x_wconf 92' lang='lat' dir='ltr'>tis.</span> <span class='ocrx_word' id='word_1_340' title='bbox 316 3658 353 3722; x_wconf 93' lang='lat' dir='ltr'>Id</span> <span class='ocrx_word' id='word_1_341' title='bbox 378 3659 397 3719; x_wconf 90' lang='lat' dir='ltr'>s1</span> <span class='ocrx_word' id='word_1_342' title='bbox 420 3657 478 3719; x_wconf 89' lang='lat' dir='ltr'>seni</span> <span class='ocrx_word' id='word_1_343' title='bbox 501 3655 513 3737; x_wconf 96' lang='lat'><strong>[</strong></span> <span class='ocrx_word' id='word_1_344' title='bbox 536 3672 569 3717; x_wconf 94' lang='lat' dir='ltr'>ut</span> <span class='ocrx_word' id='word_1_345' title='bbox 592 3654 633 3718; x_wconf 86' lang='lat' dir='ltr'>fit·</span> <span class='ocrx_word' id='word_1_346' title='bbox 652 3655 797 3718; x_wconf 88' lang='lat' dir='ltr'>interdum</span> <span class='ocrx_word' id='word_1_347' title='bbox 821 3656 834 3738; x_wconf 89' lang='lat'><strong>]</strong></span> <span class='ocrx_word' id='word_1_348' title='bbox 858 3657 993 3732; x_wconf 88' lang='lat' dir='ltr'>accidat,</span> <span class='ocrx_word' id='word_1_349' title='bbox 1015 3659 1065 3719; x_wconf 90' lang='lat' dir='ltr'>ille</span> <span class='ocrx_word' id='word_1_350' title='bbox 1085 3656 1179 3736; x_wconf 83' lang='lat' dir='ltr'>magis</span> 
     </span>
     <span class='ocr_line' id='line_1_42' title="bbox 220 3740 1184 3821; baseline -0.004 -19"><span class='ocrx_word' id='word_1_351' title='bbox 220 3740 362 3815; x_wconf 79' lang='lat' dir='ltr'>delirare,</span> <span class='ocrx_word' id='word_1_352' title='bbox 382 3755 472 3821; x_wconf 89' lang='lat' dir='ltr'>quam</span> <span class='ocrx_word' id='word_1_353' title='bbox 493 3756 607 3811; x_wconf 86' lang='lat' dir='ltr'>amare,</span> <span class='ocrx_word' id='word_1_354' title='bbox 628 3756 642 3797; x_wconf 93' lang='lat' dir='ltr'>r</span> <span class='ocrx_word' id='word_1_355' title='bbox 680 3756 715 3797; x_wconf 91' lang='lat' dir='ltr'>ue</span> <span class='ocrx_word' id='word_1_356' title='bbox 733 3756 825 3811; x_wconf 87' lang='lat' dir='ltr'>vera,</span> <span class='ocrx_word' id='word_1_357' title='bbox 847 3756 906 3799; x_wconf 89' lang='lat' dir='ltr'>non</span> <span class='ocrx_word' id='word_1_358' title='bbox 926 3753 1024 3799; x_wconf 89' lang='lat' dir='ltr'>autem</span> <span class='ocrx_word' id='word_1_359' title='bbox 1047 3758 1082 3799; x_wconf 85' lang='lat' dir='ltr'>err</span> <span class='ocrx_word' id='word_1_360' title='bbox 1102 3757 1184 3798; x_wconf 77' lang='lat' dir='ltr'>amo·</span> 
     </span>
     <span class='ocr_line' id='line_1_43' title="bbox 220 3814 1184 3957; baseline -0.006 -73"><span class='ocrx_word' id='word_1_361' title='bbox 220 3841 268 3899; x_wconf 85' lang='lat' dir='ltr'>re,</span> <span class='ocrx_word' id='word_1_362' title='bbox 291 3819 417 3884; x_wconf 85' lang='lat' dir='ltr'>insanire</span> <span class='ocrx_word' id='word_1_363' title='bbox 436 3814 630 3889; x_wconf 81' lang='lat' dir='ltr'>iudicabitur.</span> <span class='ocrx_word' id='word_1_364' title='bbox 680 3832 766 3879; x_wconf 87' lang='lat' dir='ltr'>aerera</span> <span class='ocrx_word' id='word_1_365' title='bbox 785 3834 908 3957; x_wconf 62' lang='lat' dir='ltr'>auiim&#39;</span> <span class='ocrx_word' id='word_1_366' title='bbox 935 3816 1070 3899; x_wconf 85' lang='lat' dir='ltr'>cujusque</span> <span class='ocrx_word' id='word_1_367' title='bbox 1090 3817 1184 3885; x_wconf 76' lang='lat' dir='ltr'>aetarir</span> 
     </span>
     <span class='ocr_line' id='line_1_44' title="bbox 900 3914 1143 3986; baseline 0 -11"><span class='ocrx_word' id='word_1_368' title='bbox 900 3914 915 3975; x_wconf 84' lang='lat'><em>3</em></span> <span class='ocrx_word' id='word_1_369' title='bbox 1078 3917 1143 3986; x_wconf 47' lang='lat' dir='ltr'>qud</span> 
     </span>
    </p>
   </div>
   <div class='ocr_carea' id='block_1_4' title="bbox 0 0 1522 4559">
    <p class='ocr_par' dir='ltr' id='par_1_4' title="bbox 0 0 1522 4559">
     <span class='ocr_line' id='line_1_45' title="bbox 0 0 1522 4559; baseline 0 0"><span class='ocrx_word' id='word_1_370' title='bbox 0 0 1522 4559; x_wconf 95' lang='lat' dir='ltr'> </span> 
     </span>
    </p>
   </div>
  </div>
 </body>
</html>
