3034 4559
400 495 442 541 ω’
556 472 636 540 DE
674 464 1115 541 lMiTATloiuB

356 555 391 626 ln
413 551 547 620 omnibus
578 557 659 620 rebus
691 557 818 619 maxime
846 555 1014 619 dominari.
1043 560 1148 649 Neque
1176 578 1232 641 ego
1252 571 1324 622 ome

351 658 444 723 quam
465 637 501 699 C.
518 638 685 712 Caesarem,
718 658 769 699 nec
790 637 937 712 Cottam,
966 658 1016 699 nec
1036 640 1194 701 Curionem
1216 641 1314 701 minus

356 717 494 802 probatos
516 718 652 779 haberem
673 719 840 792 Oratores,
866 719 1008 799 quoniam
1031 717 1079 779 sua
1099 734 1203 779 natura
1222 717 1316 781 maxi·
1331 735 1338 751 i

353 820 402 862 me
420 796 511 858 essent
534 796 692 873 deleslati,
723 795 769 857 sed
788 796 893 878 quod,
921 796 952 857 iii
974 818 1033 879 quo
1054 798 1074 857 ii
1096 798 1251 878 potuissent
1266 798 1316 859 bo·

351 876 557 952 nosimimi,
580 875 858 957 neglexissent,non
894 875 979 938 ossem
996 878 1082 959 plane
1107 875 1241 958 probatos
1262 878 1313 938 ha·

350 957 442 1021 bere.
472 958 551 1017 Nam
571 955 591 1017 si
608 956 663 1017 hoc
679 955 731 1031 fit,
752 956 832 1038 quod
848 896 893 1015 idi
910 956 1034 1033 uolunt,
1054 972 1090 1021 ut
1111 978 1129 1017 a
1149 957 1175 1018 se
1193 957 1254 1037 ipso
1269 957 1312 1017 ni·

350 1036 396 1100 hil
412 1034 683 1117 sitexperenduin,
704 1056 747 1097 nie
764 1056 831 1096 curn
849 1034 907 1095 illis
928 1035 1028 1119 inique
1052 1037 1150 1098 assum
1174 1037 1239 1112 est,
1259 1036 1312 1127 qui

350 1116 441 1199 primi
458 1115 610 1191 homines,
652 1136 703 1177 uos
726 1116 937 1189 imitarentur,
968 1133 1018 1178 aut
1043 1117 1074 1177 in
1095 1114 1201 1177 adibus
1223 1115 1311 1177 aedifi⁶

348 1194 474 1271 caudis,
502 1197 605 1258 autin
627 1136 683 1257 suis
706 1194 786 1257 sensis
816 1192 940 1257 vicissim
960 1195 1124 1277 promendis
1146 1195 1241 1256 nullos
1262 1197 1313 1257 ha·

349 1272 500 1338 buerunt.
528 1277 616 1351 Quod
644 1276 766 1337 minime
786 1274 826 1336 est
853 1274 1032 1350 dicendum,
1064 1296 1100 1336 ne
1120 1292 1256 1337 naturam
1279 1296 1309 1335 ο·

349 1354 467 1416 mnibus
491 1356 522 1417 in
530 1355 613 1418 rebus
635 1358 779 1437 optimam
789 1354 973 1436 magistram,
995 1375 1028 1415 ac
1037 1371 1159 1417 matrem
1176 1355 1310 1417 omnium

352 1434 615 1515 henigniffimam,
644 1453 695 1498 aut
714 1437 746 1497 in
768 1433 834 1497 hac.
849 1450 929 1516 parte
950 1455 1111 1509 mancam,
1140 1451 1227 1574 atpue
1256 1434 1311 1494 im·

350 1514 534 1656 Rirfeaam’
564 1532 616 1577 aut
636 1516 759 1596 impiam
780 1534 935 1577 novercam
956 1513 1120 1575 infimulare
1141 1515 1173 1575 vi
1193 1534 1310 1575 eamur.

387 1614 460 1675 eque
490 1594 549 1655 haec
569 1592 630 1671 ipsa
650 1594 718 1656 satis
748 1614 815 1655 cum
846 1592 965 1654 homine
995 1594 1151 1653 liberaliter
1181 1610 1312 1671 ageret,

351 1692 420 1734 oum
443 1691 531 1754 quem
552 1671 677 1733 liberum
698 1671 883 1753 procreasset,
906 1672 937 1732 in
957 1670 1103 1754 loquendo
1127 1687 1310 1732 tamencum

354 1753 386 1813 iri
417 1750 586 1813 servitutem
608 1751 774 1832 redigeret,
803 1749 848 1825 si,
875 1750 928 1810 nisi
948 1748 984 1811 ad
1013 1748 1091 1832 quasi
1119 1749 1312 1831 prescriptam

351 1831 472 1892 alterius
493 1832 661 1905 rationem,
692 1830 739 1893 vel
761 1828 882 1892 verbum
904 1828 998 1891 ullum
1020 1830 1048 1889 ei
1077 1826 1202 1910 proferre
1223 1829 1311 1889 mini·

351 1930 401 1973 me
430 1909 551 1970 liceret.
580 1910 718 1971 Praeterea
738 1929 807 1970 vero
829 1906 899 1989 quid
929 1909 961 1970 in
981 1930 1016 1971 eo
1039 1930 1139 1972 omnes
1170 1908 1312 1971 Audlores

350 2006 414 2051 tam
435 1990 640 2050 convenienter
661 1987 883 2063 consensissent,
912 2008 980 2051 cum
1002 2005 1138 2054 naturam
1161 1988 1192 2049 in
1216 1989 1323 2049 omniu.

349 2066 403 2130 bus
433 2066 514 2129 rebus
540 2068 620 2130 suam
648 2072 753 2149 cuique
775 2068 919 2149 optimam
948 2068 1052 2133 ducem
1080 2068 1133 2130 esse
1155 2068 1310 2150 pradicant

349 2146 552 2228 sequendam?
581 2147 690 2223 Quid,
719 2149 865 2229 inquam,
897 2147 1000 2223 illud,
1027 2149 1107 2230 quod
1135 2148 1166 2209 in
1196 2168 1245 2209 ore
1270 2146 1310 2212 est

348 2228 485 2291 omnium
508 2246 576 2289 curn
598 2227 828 2304 creberrimum,
856 2244 921 2288 tum
943 2227 1173 2290 celeberrimum:

429 2310 474 2368 Ne
492 2309 580 2388 quid,
600 2308 712 2382 invita,
729 2309 841 2387 facias,
862 2306 994 2388 dicasve,
1016 2309 1168 2369 Minerva:

346 2387 407 2450 sia
436 2386 531 2449 nostra
552 2386 714 2449 'deficiendo
745 2386 782 2449 ad
803 2388 954 2462 alienam,
985 2403 1016 2450 at
1038 2408 1075 2449 ue
1103 2388 1174 2449 adeo
1205 2387 1309 2449 nostra

347 2468 479 2529 manime
498 2467 779 2542 contrariam,nobis
788 2468 854 2529 esset
863 2408 1111 2549 confugiendum?
1131 2465 1242 2541 Sentio,
1252 2465 1308 2529 lioc

351 2547 417 2608 loco
435 2546 502 2605 istos
510 2545 657 2625 indignari
674 2548 821 2635 graviter,
843 2566 876 2607 ac
902 2544 1305 2621 mesummaeinconslantiae,

348 2642 439 2706 atque
459 2624 549 2686 etiam
571 2625 814 2703 prevaricationis
837 2624 992 2700 accusare,
1021 2624 1073 2713 qui
1095 2622 1184 2685 modo
1205 2643 1308 2691 contra

344 2720 481 2766 naturam
503 2702 627 2764 caussam
648 2723 743 2763 meam
766 2704 877 2783 egerim
898 2719 959 2765 tam
980 2715 1100 2773 acriter3
1123 2724 1199 2763 nunc
1219 2725 1308 2781 vero,

349 2800 415 2845 tota
435 2803 470 2844 ea
490 2780 694 2856 dissimulata,
714 2781 749 2843 sic
771 2784 802 2843 in
822 2783 883 2852 ejus
903 2782 995 2846 caslra
1016 2780 1236 2864 transfugerim,
1260 2784 1308 2846 fic·

345 2883 405 3002 pue
426 2862 485 2931 ejus
506 2859 697 2922 defensionem
718 2860 910 2942 susceperim,
941 2881 974 2922 ac
997 2863 1132 2923 omnibus
1152 2883 1216 2925 eam
1239 2884 1309 2943 prae·

358 2942 426 3002 idiis
454 2940 635 3001 communire
662 2942 829 3022 coeperim,
859 2958 892 3003 ut
920 2943 973 3023 qui
993 2957 1072 3004 totus
1101 2942 1137 3005 ab
1165 2963 1200 3004 ea
1221 2942 1306 3018 llet,

347 3022 458 3103 quique
487 3018 636 3082 fortissime
664 3040 753 3082 unam
784 3040 849 3082 eam
879 3037 1018 3083 tueatur,
1047 3022 1111 3085 Hos
1147 3039 1246 3083 autem
1271 3042 1308 3083 ne

347 3102 449 3162 inultis
470 3120 587 3175 morer,
618 3100 750 3182 aequasi
774 3099 868 3161 secum
891 3103 987 3163 oratio
1008 3122 1102 3176 mea,
1123 3122 1183 3163 non
1205 3118 1307 3163 autem

345 3200 414 3242 cum
430 3178 689 3254 illis,c0ntendere
710 3180 860 3255 videatur,
880 3180 951 3263 quid
967 3201 1022 3262 ego
1044 3180 1159 3241 tandem
1182 3180 1217 3242 de
1239 3181 1307 3242 imi·

351 3260 441 3320 tando
464 3258 606 3332 sentiam,
628 3281 661 3320 ac
680 3280 768 3341 quam
787 3260 855 3321 huic
872 3258 1004 3322 facultati
1027 3259 1169 3320 summam
1187 3258 1314 3339 seciam,

344 3338 407 3410 jam
422 3337 571 3418 explicabo
588 3336 704 3399 liberius
721 3381 728 3398 .
759 3339 825 3420 Ego
842 3338 931 3419 igitur
956 3338 992 3398 sic
1008 3337 1124 3412 sentio,
1145 3338 1175 3398 δι
1197 3355 1308 3400 naturai

347 3417 505 3480 artificium
523 3462 532 3493 ,
554 3417 584 3479 δι
598 3418 723 3480 artificio
741 3437 901 3491 naturam,
923 3431 955 3477 ur
972 3417 1003 3476 in
1019 3418 1126 3477 caeteris
1144 3416 1251 3488 rebus,
1272 3417 1309 3480 sic

345 3495 378 3558 in
398 3496 562 3559 imitatione
578 3499 738 3577 plurimum
756 3495 880 3578 prodesse
899 3531 908 3570 ,
936 3510 1022 3575 atque
1038 3494 1163 3557 alterum
1187 3496 1317 3559 alterius.

345 3577 457 3638 auxilio
477 3578 602 3650 omnino
630 3578 782 3657 indigere.
812 3576 891 3635 Nam
907 3574 959 3653 qui
981 3589 1113 3633 naturam
1140 3574 1244 3648 suam,
1275 3578 1308 3637 itt

326 3666 328 3669 ’
367 3677 407 3717 uo
425 3657 546 3716 minime
564 3656 640 3716 mala
658 3655 691 3715 sit
706 3656 726 3727 ,'
739 3653 897 3735 sequatur,
926 3671 993 3712 eum
1012 3651 1096 3713 valde
1116 3654 1167 3714 esse
1182 3654 1306 3735 proban-

345 3677 419 3797 dum
437 3780 446 3807 ,
467 3757 519 3796 nec
539 3755 603 3877 puae
625 3734 673 3793 sibi
694 3732 780 3792 deesse
803 3731 942 3801 senserit,
971 3730 1039 3791 sica
1054 3731 1170 3794 aliunde
1186 3734 1307 3795 imitan-

347 3816 387 3877 do
408 3813 519 3898 assequi
564 3814 674 3889 udeat,
701 3812 861 3900 quicquam
882 3826 982 3880 contra
1003 3810 1225 3897 improbandum
1248 3813 1309 3875 eii·

1217 3884 1265 3952 sii-
