3034 4559
254 548 284 590 re
308 515 519 609 providendum
539 527 595 602 est,
617 544 649 589 ut
669 527 812 604 habeant,
831 548 893 611 quo,
907 531 982 603 telle
998 459 1127 597 initii»

275 607 303 669 se
328 608 466 688 recipiant
484 647 490 665 .-
512 607 598 669 Hanc
618 623 716 671 autem
736 608 866 689 palmam
887 609 968 687 sunt,
988 616 1039 694 qui
1059 616 1127 676 (ἰαί

254 689 417 750 constanter
437 686 580 757 deferant3
605 688 650 749 sed
670 689 695 751 is
737 689 843 752 uodam
868 690 919 752 suo
934 712 1055 752 numero
1072 694 1118 754 nia

254 766 369 829 elediari
391 767 596 849 videtur„qui
617 784 661 829 uae
681 770 723 832 mi
748 770 754 779 '
779 790 896 853 quoque
916 770 1119 851 probaturili

254 861 330 908 tonte
354 847 472 917 veniat3
494 846 539 907 sed
561 862 678 922 vereor,
698 869 735 910 ne
756 850 788 909 vi
811 849 909 931 sapius
930 850 1043 912 coadius
1061 867 1119 911 tra·

266 927 298 989 in
319 926 525 1005 compositione
545 948 554 997 3
574 942 649 988 certe
669 948 724 990 con
746 929 851 992 uiritur
870 929 1063 1011 diligentius,
1086 930 1119 992 &

254 1026 311 1067 rrea
333 1007 421 1067 etiam
446 1005 609 1067 laboriosius
633 948 839 1083 comeditur,
861 1021 948 1092 atque
967 1018 1027 1072 non
1048 1008 1120 1071 faci·

254 1104 435 1166 omparatur.
457 1088 558 1167 Longe
579 1099 649 1149 veto
670 1089 762 1157 maior
782 1102 882 1150 eorum
905 1088 944 1150 ell
964 1099 1122 1164 numerus,

254 1188 273 1227 0
293 1166 382 1228 etiam
404 1166 546 1245 ignarior,
569 1168 621 1305 qui
641 1168 672 1228 in
692 1167 747 1228 hoc
768 1188 870 1249 genere
891 1168 1059 1231 Martialem
1081 1168 1122 1230 se·

255 1260 307 1315 ut3
328 1245 364 1306 de
385 1244 489 1327 quibus
510 1244 572 1305 nihi
595 1245 674 1309 aliud
694 1243 806 1322 dicam,
848 1260 916 1309 uam
935 1247 966 1310 id
986 1250 1026 1309 eis
1046 1246 1122 1309 face-

254 1346 270 1388 e
292 1325 378 1386 rivali
398 1344 448 1405 per
471 1345 517 1386 me
538 1324 656 1405 quidem
685 1327 814 1387 maxime
827 1269 945 1386 licere.
974 1325 1123 1407 Equidem

254 1401 356 1479 soleo,
376 1404 553 1487 quicumque
574 1405 596 1464 ii
624 1403 725 1479 fuere,
753 1407 805 1487 qui
834 1417 900 1467 tum
930 1400 1059 1485 Virgilio
1089 1406 1124 1469 in

254 1505 317 1545 ium
344 1485 441 1546 Deum
470 1502 530 1545 tam
559 1484 693 1558 erudite,
727 1496 786 1545 tarn
804 1498 845 1544 'ue
875 1485 1021 1565 eleganter
1049 1481 1123 1545 luse-

254 1564 349 1625 aeteris
371 1565 429 1635 ejus
452 1564 564 1644 generis
584 1564 775 1645 scriptoribus
790 1506 879 1625 (lacile
899 1560 1056 1635 anteferre3
1078 1561 1122 1624 id·-

254 1664 304 1705 ure
325 1645 438 1724 optimo
458 1642 548 1705 facere
569 1644 694 1714 videor3
724 1644 832 1727 quippe
848 1644 899 1725 qui
923 1644 954 1705 δι
974 1642 1121 1706 inventiod

257 1723 348 1784 inime
371 1724 512 1803 vulgari,
543 1723 574 1785 ἃ
602 1722 754 1798 dictione,
784 1743 847 1805 quae
875 1744 1011 1806 germane
1039 1722 1121 1785 Lati·-

254 1818 387 1942 t‚aeque
408 1803 527 1885 reliquls
551 1803 749 1865 antecellant.
772 1802 859 1880 Quod
885 1812 957 1882 uuus
984 1805 1122 1885 Navagea

254 1881 281 1943 St
306 1883 336 1944 vi
357 1882 381 1943 it
404 1884 516 2021 primus
534 1918 543 1957 5
572 1883 603 1944 ἃ
620 1884 754 1945 omnium
773 1883 905 1946 imitatus
930 1882 969 1950 eli
984 1884 1121 1964 optime.

265 1961 340 2027 mihi
366 1961 402 2022 ad
425 1983 459 2023 uc
486 1958 618 2037 restant,
671 1961 765 2037 uibus¹
792 1962 999 2028 similitudinis.
1018 1962 1123 2041 imagi«

262 2040 293 2102 in
324 2038 420 2102 Pueris
451 2040 610 2104 attribuam
628 1984 835 2117 ,uncolic'um
865 2060 981 2105 carmen
998 2076 1021 2119 t.
1036 2059 1123 2122 gran·

254 2120 323 2182 illud
344 2121 520 2196 Hernicum,
541 2131 574 2183 ac'
594 2122 673 2202 quali
693 2121 849 2199 bellicum,
877 2122 924 2199 δι,
958 2122 1033 2187 'uod
1046 2122 1123 2181 inter

254 2220 273 2261 n
294 2214 393 2262 utrum
416 2212 451 2261 ue
472 2201 653 2271 interjedium
674 2202 735 2275 est,-
757 2201 925 2264 mediocre.
945 2143 1051 2275 ‘iliram
1073 2199 1124 2259 tria

254 2299 273 2340 u
295 2220 430 2344 imitandi
451 2282 595 2343 tationem
616 2280 702 2341 Maro
721 2279 805 2342 nobis
833 2291 908 2342 unua
935 2287 1004 2351 caui
1033 2277 1124 2338 abun³

255 2358 363 2435 ssime,
394 2373 458 2421 t'urn
487 2355 705 2421 luculentiffime
734 2356 951 2439 suppeditabit}
979 2356 1037 2418 Hic
1066 2370 1124 2417 eted

263 2439 294 2501 in
316 2450 490 2522 unoquoque
520 2438 556 2500 sie
585 2436 713 2502 versatus
734 2436 800 2511 est,
831 2444 864 2499 ut'
892 2437 923 2497 in
953 2435 1069 2518 lingulis
1091 2455 1124 2495 ο·

254 2535 287 2581 us
311 2522 424 2600 egregie
447 2517 630 2599 praestiterit.
658 2519 741 2579 Nam
762 2524 829 2579 c'ut'n
849 2516 961 2579 videret
981 2530 1125 2599 quantam

254 2600 304 2660 ersa
324 2601 435 2661 Gracia
455 2620 489 2659 ex
512 2598 602 2665 tribus
623 2596 764 2678 praeclaris
789 2596 1005 2679 stuporibus,
1025 2589 1126 2656 Theo*

260 2675 441 2753 ‚Hefiodo‚
463 2688 551 2817 atque
573 2678 703 2739 Homero
724 2677 850 2759 gloriam
879 2677 1097 2760 consequeretur
1115 2693 1127 2746 a

254 2776 294 2819 ne
314 2774 484 2833 contentus,
516 2779 525 2819 1
545 2772 645 2820 eorum
665 2759 800 2842 quemvis
817 2758 848 2818 in
870 2759 919 2819 suo
941 2776 1043 2838 genere
1059 2771 1125 2817 tan⁴

255 2837 412 2920 aequalset,
443 2839 543 2898 omnia
574 2853 647 2898 unus
677 2842 707 2898 in
735 2838 763 2898 se
791 2839 911 2918 experiri
941 2829 980 2899 ell
1008 2834 1091 2897 ausus
1115 2847 1127 2905 ξ,

271 2911 390 2999 quidem
411 2919 513 2998 ingens
535 2930 607 2978 onus
629 2918 672 2979 ita
691 2916 796 2982 validis
815 2917 941 2980 humeris
967 2915 1125 2989 sustinuit,

254 3016 286 3060 ιο
307 2998 399 3058 Graeci
422 2998 503 3057 suum
526 2996 656 3076 singuli,
676 3016 708 3056 ac
729 3008 780 3076 pet
803 2995 830 3056 se
852 2995 990 3076 quisque,
1012 2991 1060 3053 hic
1080 2992 1123 3052 lo-

254 3077 299 3137 ria
320 3077 371 3138 illa
393 3076 529 3137 scribendi
559 3093 664 3155 genera
692 3074 835 3148 fortiter,
863 3094 896 3135 ac
926 3072 1038 3135 summa
1057 3085 1126 3134 cum

257 3175 308 3218 um
330 3157 415 3217 laude
436 3159 466 3217 in
490 3155 609 3216 Latium
633 3155 820 3234 provexerit.
848 3150 996 3233 Siquidem
1025 3153 1057 3212 in
1077 3171 1127 3233 pa·

255 3237 285 3297 io
310 3240 462 3310 carmine,
483 3234 589 3295 humili
614 3249 701 3315 atque
717 3232 835 3293 demillo
860 3232 975 3293 calamo
992 3233 1128 3296 omnium

254 3332 285 3379 ie
305 3315 345 3377 est
366 3318 463 3385 usus3r
491 3334 541 3375 uas
564 3312 769 3376 mansuetiora
790 3310 889 3373 Musas
911 3310 964 3373 suo
981 3312 1064 3389 loco,
1085 3326 1131 3373 at-

254 3394 352 3459 urdine
373 3416 415 3457 res
439 3336 543 3455 rddica
559 3392 747 3472 temperatius
768 3393 880 3472 excepit
899 3414 907 3464 3
929 3407 946 3454 a
967 3406 1026 3476 qua
1041 3391 1131 3454 disce·

266 3475 371 3538 divina
391 3476 443 3535 illa
464 3473 559 3535 divini
579 3472 707 3533 hominis
740 3470 817 3531 tuba‘
830 3472 918 3534 altius
939 3494 1053 3535 carmen
1084 3473 1130 3531 in·

254 3556 293 3631 it,
306 3555 530 3616 cum-Heroicas
546 3553 687 3626 virtutes,
702 3565 790 3631 atque
806 3570 886 3613 arma
904 3552 1014 3613 invilla
1027 3550 1129 3611 iisdem

254 3636 322 3699 rtuis
345 3634 470 3696 versibus
491 3631 655 3711 gravissime
675 3632 714 3691 est
734 3629 911 3709 persecutus.
933 3633 986 3692 Sed
1008 3632 1044 3691 de
1060 3630 1132 3690 Poe-

254 3714 401 3777 iadienus:
432 3716 547 3793 jamque
568 3712 603 3772 ad
626 3712 791 3773 institutum
813 3711 945 3773 nostrum
968 3707 1134 3775 redeamus,

254 3795 310 3859 'um
329 3793 423 3877 igitur
443 3794 619 3873 scriptores,
640 3791 690 3876 qui
712 3789 762 3933 [ἕο
782 3790 901 3873 quisque
916 3808 1019 3872 genere
1040 3789 1136 3853 maxi·

787 3887 803 3948 3
1046 3887 1100 3930 me
