3034 4559
425 483 445 538 'f
512 474 790 539 bistili
848 481 870 540 r.
1095 500 1108 548 t

218 573 347 625 naturam
368 580 377 632 3
405 579 464 621 non
485 558 618 639 impolite
640 556 799 639 scripserint
819 579 829 629 t
858 558 962 621 necesse
983 563 1081 624 ttnien
1097 497 1182 644 esitp':

218 641 283 703 iilud
307 639 453 714 eveniat,
480 639 560 723 quod
581 638 822 701 CicetoGtaecite
843 640 962 701 evenisse
984 640 1189 724 querebamur

218 736 273 797 ut,
302 721 376 782 dum
397 720 428 782 in
451 717 499 783 sua
522 719 549 781 se
568 718 688 801 quisque
708 733 813 781 natura
832 719 991 782 admiratur
1010 719 1175 801 scribendo,

216 800 363 883 nequead
393 811 490 874 eum,
540 818 604 859 uem
636 799 783 879 optimum
812 799 983 875 existimat,
1011 802 1176 867 ontionem

217 879 293 942 suam
315 875 497 942 conformate
517 817 638 948 sudet,
665 877 775 958 pluto,
805 885 891 971 atque
912 881 1042 944 maxime
1062 881 1178 947 diuersa

215 960 326 1024 dicendi
358 957 482 1020 existant
509 977 638 1039 genere.
669 959 709 1019 At
737 954 851 1021 dicendi
879 971 997 1036 artem,
1025 959 1063 1023 ed
1083 980 1176 1042 quem

217 1055 301 1130 pone
323 1037 461 1099 imitandi
481 1052 623 1120 precepta
643 1038 744 1098 onmia
766 1039 1003 1115 constituuntur,
1031 1051 1177 1104 anatum

215 1121 271 1200 ipsa
292 1116 453 1200 professam
473 1112 557 1191 esse,
587 1129 673 1179 nemo
694 1135 834 1201 umquam
858 1115 1057 1195 inficiabitur,
1079 1136 1177 1201 neque

215 1200 242 1261 id
261 1199 313 1289 ipsi
344 1211 499 1279 umquem¹
519 1195 737 1261 inficiabimur.
770 1198 883 1260 Verum
912 1199 984 1263 iliud
1013 1199 1177 1262 constanter
1258 1238 1262 1245 ·

217 1278 295 1340 nobrt
319 1293 425 1352 terrere
439 1274 564 1353 licebit,
592 1296 653 1337 non
673 1278 815 1342 continuo
837 1295 901 1341 eam
922 1293 957 1342 ex
976 1279 1102 1349 cujusvis
1124 1278 1188 1340 ho·'

216 1359 299 1421 trinit
327 1355 448 1439 ingenio
468 1355 519 1418 esse
541 1355 787 1436 comprobatam,
816 1359 863 1418 sed
884 1359 934 1421 virt
955 1359 1045 1419 etiem
1068 1358 1187 1419 multo·-

218 1457 279 1501 rutn
302 1432 474 1502 saectdorurn
495 1436 676 1519 prudentia,
703 1435 734 1498 ἃ
752 1436 860 1506 judicio
888 1438 919 1499 in
943 1436 972 1497 id
995 1436 1186 1498 austeritatis

217 1513 400 1599 pervenisse,
429 1530 489 1607 quo
510 1514 549 1577 ess
571 1515 698 1580 maxime
720 1516 898 1579 constitutae
926 1508 969 1578 Ut
990 1513 1101 1590 fortasse
1112 1515 1177 1656 pri·

218 1598 256 1660 tni
287 1594 335 1659 ilii
366 1593 502 1658 hommes
529 1609 597 1658 cum
622 1594 774 1662 bestiarum
803 1612 884 1660 more
913 1599 944 1658 in
973 1596 1049 1678 agne
1074 1609 1185 1676 pitane.

218 1690 256 1737 tet
277 1692 425 1758 agerent,
453 1676 505 1759 qui
527 1689 615 1738 unam
637 1691 772 1737 naturam
794 1673 961 1760 magistram
984 1691 1100 1743 tentum
1125 1675 1185 1737 he·

216 1753 345 1831 hebent,
373 1775 439 1817 enm
469 1753 542 1818 resse
573 1755 755 1837 sequerentur
784 1757 972 1839 iungendo,
1000 1775 1095 1838 neque
1120 1755 1184 1819 aie.

217 1832 283 1917 quid
305 1828 482 1900 extrinsecus
505 1834 648 1897 sumerent
669 1852 719 1897 aut
740 1829 778 1901 ad
799 1838 969 1921 egendum,
998 1850 1049 1901 aut
1070 1830 1107 1897 ad
1129 1833 1175 1896 di·

215 1915 360 1980 nendum.
389 1914 468 1977 Cum
498 1935 567 1976 veto
589 1915 705 1997 longius
726 1933 794 1978 aetar
826 1918 1018 1991 adolevisset,
1046 1936 1078 1977 oe
1099 1929 1171 1995 gent

214 1996 307 2057 coisset
337 1994 369 2056 in
398 1993 591 2068 societatem,
621 1998 694 2077 quin
723 1995 818 2078 ignari
845 1993 1042 2079 prudentiores
1074 1996 1173 2056 imita·

215 2091 312 2136 rentur
332 2073 512 2151 rediissrme,
541 2074 614 2136 nulii
636 2074 757 2141 dubium
780 2076 871 2139 uideri
892 2079 1009 2158 potest.
1037 2070 1072 2137 sd
1093 2068 1174 2155 quod

213 2153 309 2229 nobit,
324 2153 379 2236 qui
400 2151 573 2236 jampridem
594 2152 877 2238 cumperfettiffimr's
898 2159 1025 2237 egimus,
1047 2156 1104 2215 sine
1121 2155 1173 2213 e'uu

215 2232 260 2296 bio
279 2234 443 2299 faciendum
466 2228 516 2297 esse
536 2236 708 2298 censemus.
736 2234 887 2297 Hadienus
907 2235 987 2317 quod
1007 2235 1044 2293 ad
1065 2253 1113 2294 eos
1129 2247 1186 2294 ab.

215 2314 312 2389 tinet,
340 2313 393 2401 qui
415 2329 550 2378 naturam
572 2315 661 2395 usque
683 2335 718 2375 eo
738 2314 915 2378 audiendam
934 2313 986 2377 esse
1007 2311 1173 2384 dicebant,

216 2410 247 2455 ut
274 2393 333 2456 atti
362 2391 439 2456 nihil
460 2390 648 2456 concederent
678 2395 709 2455 in
737 2386 909 2457 scribendo.
937 2391 1073 2458 Asterum
1103 2409 1190 2456 veto,

217 2491 303 2553 genus
324 2485 411 2550 erat,
438 2473 516 2555 quod
548 2487 663 2536 tantum
686 2472 847 2538 imitationi
874 2470 1042 2547 tribuebat,
1062 2483 1096 2538 ut
1116 2468 1188 2534 nist:

216 2555 244 2616 in
263 2553 318 2614 iilo
338 2572 449 2634 opere,
478 2549 556 2639 quod
578 2553 608 2617 in
631 2569 734 2618 manus
757 2549 921 2631 incidisset,
951 2551 1059 2637 optimi
1081 2553 1113 2615 in
1135 2569 1174 2616 eo

216 2648 316 2714 genere
337 2632 473 2698 Ananis
495 2634 653 2716 imaginent
677 2629 829 2715 expressam
852 2629 993 2710 videret,
1020 2631 1070 2695 etsr
1086 2624 1118 2694 id
1132 2627 1172 2694 ab

218 2711 351 2777 omnibus
372 2710 437 2774 aliis
458 2710 587 2796 partibus
609 2714 720 2794 optime
740 2716 908 2789 constaret,
929 2713 979 2777 srbi
997 2727 1174 2776 tamennon

220 2791 282 2853 snit
305 2792 547 2873 probaturum,
577 2793 721 2857 affirmare
750 2812 810 2856 non
838 2789 1007 2865 dubitarem
1035 2810 1069 2856 ut
1097 2788 1175 2856 mihi

220 2888 276 2933 tent
297 2874 412 2935 cumiis
434 2873 487 2933 esse
508 2872 623 2947 videas,
641 2875 692 2955 qui
713 2875 828 2940 nussum
851 2871 978 2935 medium
996 2867 1170 2946 adhibeant,

220 2951 248 3012 in
265 2954 404 3018 extremis
424 2952 583 3014 inhereant
602 2951 758 3016 obstinate.
780 2954 831 3017 Issi
852 2955 952 3015 omnia
971 2973 990 3013 a
1006 2951 1055 3014 sua
1070 2969 1174 3034 quem·

215 3048 421 3172 quultnnmura,
450 3032 526 3093 nihil
549 3032 720 3097 extrinsecus
750 3049 845 3115 petere
865 3032 966 3103 jubent
994 3030 1030 3093 ed
1052 3030 1175 3092 scriben·

301 3128 311 3184 ς
339 3112 515 3186 tricenna,
536 3112 588 3172 nist
610 3113 687 3194 quod
710 3113 746 3176 ed
766 3112 890 3174 asiorutn
907 3111 1051 3177 tationem
1072 3103 1188 3192 prober

222 3190 358 3253 tisfimum
379 3191 480 3255 intua
500 3191 632 3254 oratione
653 3192 813 3267 senserint,
843 3211 903 3253 non
925 3192 990 3252 sunt
1013 3186 1189 3255 admodum

221 3270 448 3353 comprobaturi.
471 3271 524 3333 Sed
550 3272 589 3347 ii,
630 3271 662 3332 ui
680 3272 759 3333 suam
777 3288 922 3354 quemque
939 3287 1074 3336 naturum
1091 3268 1172 3352 sequi

220 3352 323 3413 nolunt
401 3350 483 3426 ndo,
514 3351 581 3413 satit
610 3290 693 3432 supra
722 3346 996 3434 [quemadmodum
1019 3348 1142 3417 arbitror
1160 3345 1189 3437 ]

219 3431 336 3494 anobis
372 3446 426 3494 unt
446 3430 615 3509 confutati,
635 3445 722 3521 atque
742 3431 891 3493 convitii.
912 3432 1000 3498 Nunc
1021 3449 1119 3494 autern
1137 3429 1173 3491 ii·

170 3577 172 3584 q
220 3508 263 3585 li,
291 3512 347 3594 qui
367 3511 411 3574 ita
439 3510 579 3585 censent,
608 3526 710 3572 omnia
732 3509 815 3574 nobis
835 3510 871 3572 ad
901 3512 1029 3573 alienum
1058 3509 1173 3572 instint-

170 3593 172 3666 ξ
220 3602 280 3651 turn
302 3591 357 3652 esse
377 3589 709 3666 conformaremini
730 3591 765 3651 ad
786 3591 913 3656 nostrum
932 3631 941 3667 ,
962 3592 1024 3672 pori
1045 3592 1111 3652 sunt
1126 3606 1171 3646 ru⁴

170 3715 173 3728 .
221 3670 297 3731 tione
318 3669 515 3744 confutandi,
542 3686 630 3753 atque
662 3671 880 3734 convincendi.
911 3667 976 3750 Ego
997 3688 1092 3750 neque
1110 3682 1175 3728 tem
1208 3675 1211 3680 ’

170 3757 187 3778 ··
220 3747 393 3811 inhumanus
414 3750 502 3822 sum,
521 3750 574 3832 qui
592 3763 703 3811 natutae
724 3748 803 3811 bono
821 3749 971 3810 hominem
992 3749 1106 3828 privare
1122 3764 1172 3807 tu·

171 3865 174 3914 i
219 3826 316 3909 deam,
336 3846 432 3913 neque
454 3844 516 3908 tant
535 3827 650 3905 seruus,
671 3830 723 3911 qui
744 3828 961 3974 noge-videam,
982 3842 1093 3906 nature
1108 3825 1176 3917 eim.

172 3941 174 3946 ·
271 3941 288 3960 ·.
837 3927 855 3968 2
1113 3926 1152 3968 tn
