3034 4559
336 488 397 554 214
636 473 662 532 0
685 473 712 531 R
732 472 762 533 A
781 473 811 533 T
835 466 913 531 10.
1009 484 1015 490 ·

290 555 417 628 ruebat,
444 572 462 615 a
487 551 612 635 suscepta
640 553 790 634 provincia
816 551 856 614 ob
885 546 1038 612 Gallicum
1058 544 1174 608 bellurn
1194 537 1265 616 del‘i'·¹

290 633 365 708 stit,
396 632 528 714 solusque
557 635 625 695 Dux
654 632 776 706 noster,
806 629 886 713 quod
916 630 960 690 ita
980 626 1131 689 necessitas
1152 624 1269 700 ferret,

293 714 505 796 relinquitur,
542 713 573 775 δι
602 713 725 773 maximi
765 712 856 791 Regis
895 726 960 771 tuni
989 706 1112 769 vifloris
1152 720 1268 767 vetera·

291 794 340 856 nis
370 793 556 875 legionibus,
587 809 675 874 atque
705 790 880 873 equeslribus
911 790 1016 849 turmis
1045 783 1267 848 circumdatur.

292 873 401 957 Neque
430 874 473 933 illi
498 872 621 933 sludium
638 878 653 946 ,'
699 892 738 932 uo
762 890 816 953 pro
840 869 937 930 saneta
972 866 1102 929 Ecclesia
1125 881 1191 927 tani
1214 862 1269 925 sol·

290 951 390 1014 licitus
414 949 508 1013 suerat
532 996 541 1025 ,
570 968 631 1013 tam
655 891 799 1026 ludenti,
830 969 864 1009 ac
886 947 1023 1029 generoso
1051 946 1159 1007 animo
1183 943 1268 1006 suam

289 1031 443 1094 Ditionem
460 1075 470 1106 ,
490 1030 572 1092 suum
596 1047 683 1125 caput
700 1030 776 1091 inter
794 1030 874 1089 mille
892 1026 1098 1089 dimicationes
1113 1013 1202 1085 mille
1216 1022 1266 1083 ad-

290 1110 461 1172 versitatum
486 1111 575 1186 telis,
597 1133 630 1172 ac
654 1130 741 1199 prope
764 1108 876 1170 excidio
899 1106 1069 1184 obiecerat,
1099 1105 1172 1186 quic
1195 1117 1265 1163 uam

293 1191 426 1270 prolicit.
447 1189 520 1251 Non
546 1208 607 1251 tani
634 1189 828 1269 longinquis,
849 1207 938 1268 quarn
955 1186 1158 1267 propinquis,
1233 1180 1267 1242 si·

294 1268 409 1330 nitimis
436 1271 553 1331 auxiliis
578 1267 753 1342 destitutus,
784 1267 835 1330 suo
858 1286 941 1338 aete,
971 1265 1022 1327 liio
1045 1263 1195 1338 confilio,
1216 1260 1268 1326 sua

294 1350 433 1425 virtute,
455 1370 485 1411 ie
500 1348 715 1423 frumentaria,
735 1347 839 1409 bellico
864 1362 1005 1427 apparatu
1020 1344 1175 1406 Helvetiis
1192 1381 1203 1417 ,
1224 1342 1267 1402 A·

292 1429 424 1509 quitanis
441 1475 450 1502 ,
473 1427 612 1510 Italisque
629 1428 773 1490 militibus
794 1427 1013 1507 propugnacula
1029 1469 1047 1499 ,.
1059 1421 1186 1498 Urbes,
1206 1419 1268 1482 adi·

292 1518 341 1567 tus
365 1510 488 1583 munit,
518 1529 597 1570 nova
617 1508 737 1589 Oppida
762 1507 792 1566 in
817 1506 932 1566 suorum
957 1503 1082 1577 fronte,
1105 1501 1139 1565 δι
1165 1502 1198 1563 in
1213 1499 1267 1564 ho·

291 1585 379 1647 stium
403 1587 495 1650 oculis
522 1587 680 1669 improviso
703 1586 858 1648 construit.
880 1587 922 1645 At
938 1583 988 1647 sua
1011 1599 1135 1646 tantum
1153 1580 1266 1644 servat.

290 1665 396 1726 Sed&
420 1667 513 1729 hostes
531 1687 565 1728 ea
589 1667 647 1727 sola
670 1667 811 1727 sententia
831 1664 910 1743 prius
926 1665 1071 1746 aggressus
1086 1660 1187 1724 suerat
1203 1699 1213 1736 ‚
1232 1674 1266 1722 ut

291 1743 343 1804 sua
359 1761 475 1807 tantum
493 1747 630 1807 servaret.
654 1745 742 1823 Quod
758 1743 866 1805 fanum
883 1744 1056 1806 miserorum
1073 1756 1264 1822 temporum,

288 1823 487 1885 maximorum
505 1828 620 1905 Regum
637 1866 648 1901 ,
669 1823 777 1906 optimi
794 1823 957 1903 propositi,
980 1823 1013 1884 dt
1029 1821 1192 1883 saeviffimae
1208 1818 1264 1880 sot·

288 1915 368 1962 tunae
399 1905 511 1964 ratione
540 1903 667 1979 habita,
699 1902 847 1983 egregium
871 1902 1028 1964 admodum
1051 1901 1112 1963 dici
1136 1898 1259 1982 poterit.

286 1976 425 2043 Tandem
449 2001 543 2057 vero,
573 1982 724 2123 postquam
749 1982 947 2057 diuturnum,
975 1999 1066 2065 atque
1086 1981 1122 2043 iii
1138 1980 1202 2042 dies
1217 1978 1266 2042 in-.

287 2058 440 2123 tensionem
468 2063 611 2143 impetum
650 2063 797 2137 usliniiit,
818 2079 847 2122 re
872 2063 922 2124 sua
938 2062 1080 2142 integra,
1103 2077 1198 2149 atque
1217 2058 1260 2118 in·

288 2138 424 2215 columi,
447 2140 649 2203 honestissimis
669 2187 678 2217 ,
698 2143 847 2220 &Regiis
864 2132 1085 2204 conditionibus
1103 2159 1175 2202 cum
1193 2133 1259 2201 Phi·

282 2215 366 2358 lippo
382 2222 488 2283 mentis
496 2223 687 2297 acumine,&
702 2223 809 2283 virtute
816 2220 1153 2302 dexterae,imperioque
1169 2219 1258 2281 etiam

285 2298 310 2360 P
333 2292 715 2388 ilippum,&Aleirandrum
726 2301 901 2364 Macedones
910 2317 1176 2382 aequante,pacem
1186 2298 1258 2359 init.

286 2375 391 2438 Tertia
412 2379 452 2440 ell
476 2382 618 2442 naturalis
640 2379 870 2455 immortalitas,
890 2400 953 2462 quae
972 2400 1009 2440 ex
1032 2395 1175 2441 natorum
1198 2398 1258 2459 pio·

287 2459 448 2545 pagatione
471 2460 585 2520 homini
608 2463 735 2536 accedit,
753 2479 814 2541 qua
835 2478 932 2542 aeque,
952 2477 985 2521 ac
999 2457 1115 2520 duabus
1132 2458 1255 2541 superio·

286 2536 383 2626 ribus,
405 2536 507 2600 divina
527 2539 652 2616 scilicet,
674 2559 763 2622 atque
785 2541 931 2614 humana,
950 2539 1094 2601 Hercules
1119 2538 1157 2601 de
1180 2556 1254 2597 nior·

281 2627 313 2675 tc
334 2618 554 2703 triumphavit.
576 2620 672 2680 Mares
696 2621 776 2680 enini
798 2619 829 2680 dt
852 2616 989 2681 soeminas
1010 2637 1046 2679 eir
1090 2620 1171 2680 rimo
1192 2618 1251 2676 Va·

280 2689 342 2752 lefii
364 2693 510 2773 sanguinis
527 2698 592 2757 rivo
614 2698 751 2778 suscepit,
776 2699 949 2779 inquorum
965 2719 1002 2759 iie
1044 2636 1125 2761 nius
1141 2698 1250 2768 vitain,

281 2786 420 2909 querna
446 2788 508 2833 tani
538 2773 628 2836 lono
664 2778 824 2838 seculorum
860 2778 961 2839 ordine
995 2786 1114 2841 'ervata
1143 2778 1251 2857 semper

310 2866 460 2940 rincipuni·
474 2851 544 2913 serie
565 2795 684 2928 eduxit,
707 2857 739 2914 in
759 2856 964 2936 sempiternum
980 2875 1079 2919 aevum
1098 2858 1251 2940 producet.

283 2925 419 3017 Mares,
452 2950 599 3022 inquam,
626 2928 659 2996 δι
687 2928 822 2997 foeminas
842 2954 879 2999 ex
900 2958 967 2998 vere
990 2938 1089 3019 Regio
1113 2936 1251 3019 sanguine

216 3032 226 3048 x
283 3004 429 3096 suscepit,
451 3026 533 3073 tanta
553 3012 717 3090 felicitate,
746 3018 885 3078 utnulla
901 3033 968 3078 aetas
990 3016 1067 3078 filios
1089 3015 1250 3081 virtutibus

282 3105 433 3177 emporii,
455 3104 544 3181 atque
564 3093 656 3181 animi
677 3094 847 3157 illustriores
867 3097 997 3157 viderit.
1020 3096 1161 3171 Horum,
1185 3093 1247 3155 Viri

281 3164 447 3252 clariffinii,
472 3170 520 3231 hic
542 3170 677 3259 Princeps
700 3189 807 3253 gnatus
828 3178 981 3237 Parentem
1004 3173 1103 3256 ipsum
1126 3174 1249 3239 reddidit

281 3241 493 3330 beqtiffimum‚
514 3269 566 3339 qni
590 3249 770 3328 splendorem
786 3254 870 3317 suuni
887 3275 947 3316 non
964 3256 1055 3317 modo
1073 3278 1136 3318 non
1155 3255 1248 3317 extin-

280 3337 358 3399 gui,
380 3332 641 3418 aut'eomininui,
671 3332 718 3392 sed
741 3335 773 3394 in
796 3349 879 3396 tanto
903 3336 1035 3415 Principe
1058 3336 1187 3417 vigere,
1207 3348 1247 3394 at·

277 3415 336 3476 que
352 3401 543 3486 amplificari,
563 3423 725 3489 antequam
741 3416 841 3476 oculos
857 3416 988 3495 suprema
1003 3416 1051 3477 die
1066 3415 1244 3486 occluderet,

279 3473 444 3564 prospetlt,
465 3500 554 3575 atque
577 3492 742 3569 perspexit.
763 3495 909 3576 Siquidem
931 3495 978 3554 hic
999 3495 1059 3575 ipse
1081 3493 1244 3577 Alphonsus

274 3572 335 3622 elus
356 3552 520 3651 filium-'qm
534 3565 704 3655 'Parentem
727 3574 934 3646 inoeslillimis,
956 3592 1044 3656 atque
1065 3571 1242 3655 ampliffiniis

277 3630 353 3690 hisce
370 3632 487 3740 ¹Inferiis
509 3662 563 3736 pie
589 3650 777 3733 prosequitur
794 3698 803 3727 ,
823 3651 994 3732 longinquas
1016 3670 1161 3716 tetrarum
1179 3668 1239 3713 oras

271 3723 450 3791 Pelagfflvlli
471 3726 683 3803 plurimarum
704 3733 831 3794 Uibium
853 3752 942 3791 mores
965 3735 1065 3808 vidit,
1087 3728 1235 3814 potentilli·

269 3800 384 3850 morum
403 3793 524 3885 Regum
563 3807 632 3884 fnit
659 3810 786 3877 intimus
810 3809 980 3890 familiaris,
1005 3808 1237 3952 diversabpraelie

1097 3892 1195 3969 sulit,
