3034 4559
292 573 696 746 ΙΝΒΕΧ
758 472 1251 779 essenii,

375 1013 493 1077 Bsentia
511 1036 546 1075 ex
564 1016 701 1081 Ciceronis
725 1016 864 1093 finientis
879 1019 937 1075 'non
964 1014 1032 1077 reete
1044 1013 1152 1081 ¹dicitur
1172 1019 1252 1078 Lati·

390 1097 439 1169 ne'‚
463 1118 526 1157 cum
546 1114 636 1159 tamen
657 1096 806 1178 praesentia
822 1093 862 1170 fit
881 1096 1100 1171 Latiniffimum.
1192 1103 1250 1177 164

287 1175 442 1235 Academia
460 1173 576 1255 publice
592 1175 643 1238 ad
663 1177 756 1238 Italici
770 1177 903 1253 sermonis
933 1176 1061 1239 rationem
1088 1179 1251 1260 disciplinas

324 1276 416 1313 omnes
437 1256 575 1316 traducere
596 1276 738 1318 conantes.
1210 1278 1249 1335 42

282 1334 433 1393 'Adrianus
452 1358 499 1393 mu
512 1357 569 1396 scus
589 1336 721 1419 inflgnis.
1019 1344 1022 1373 ³
1192 1357 1246 1415 105

285 1412 423 1472 Adulatio
442 1417 581 1495 Principis
600 1420 630 1478 in
650 1414 769 1491 confiliis
788 1416 893 1475 omnino
910 1413 1062 1493 fugienda.
1193 1436 1247 1493 151

284 1493 456 1553 Advocatus
477 1497 539 1572 quis
555 1495 610 1568 fis.
1187 1514 1245 1574 157

284 1570 466 1632 ffidilitatem
488 1572 715 1656 dillita're*·quid
728 1571 880 1653 stgns'ftcet.
1191 1577 1246 1635 161

284 1652 410 1712 AEdium
428 1649 649 1725 aedificandarum
672 1656 815 1729 inventio,
837 1656 877 1715 Θ
888 1655 1053 1735 progrrffus.
1210 1674 1245 1732 23

282 1732 448 1805 AEmulari‚
470 1734 598 1811 imitari,
613 1737 695 1815 sequi
715 1737 770 1795 tria
785 1736 855 1811 sum
875 1736 982 1794 omnino
995 1733 1087 1816 specie
1106 1734 1248 1809 diversa,

320 1832 417 1891 genere
436 1830 527 1872 tamen
548 1818 667 1895 quodam
682 1813 722 1889 fic
734 1816 805 1893 sum
821 1813 929 1888 seruilia
950 1860 960 1889 ‚
990 1834 1046 1889 ut,
1068 1816 1143 1894 quod
1157 1814 1196 1890 stt
1216 1838 1248 1875 a·

321 1890 402 1965 lius,
436 1893 553 1971 viciffim
573 1898 614 1957 ad
632 1896 709 1958 alius
736 1895 953 1956 commoditatem
973 1896 1114 1973 transferri
1136 1896 1247 1977 pofflt.

280 2053 329 2111 De
347 2049 480 2128 AEsclsins
501 2053 655 2130 judicium.
674 2075 680 2082 ·
1209 2074 1245 2130 17

280 2132 379 2192 AEtati
400 2133 497 2210 cuique
511 2136 596 2211 suum
617 2134 686 2214 quid
701 2132 842 2214 proprium
861 2132 898 2207 ell
919 2133 1141 2194 condonandum.
1184 2134 1238 2194 181

279 2212 391 2270 AEtatis
409 2212 542 2291 cujusque
557 2216 735 2296 proprietates
752 2211 788 2271 ab
808 2214 921 2271 Horatio
942 2213 1095 2290 descripte.
1189 2212 1245 2271 182

280 2292 393 2350 AEtatis
408 2294 593 2352 maturitatem
613 2292 719 2366 confilii
738 2292 884 2352 maturitas
897 2290 980 2369 sequi
993 2291 1080 2366 solet.
1185 2310 1242 2367 150

280 2372 311 2430 A
332 2368 414 2446 filio,
437 2393 455 2433 a
477 2373 573 2434 libetis
595 2372 747 2453 pecuniam
772 2372 868 2451 legare
890 2372 960 2450 quid
974 2366 1122 2452 signilieet.
1186 2390 1242 2448 157

280 2453 396 2527 Agendi
416 2452 486 2511 ratio
507 2455 548 2514 ad
567 2455 726 2534 optimorum
746 2452 868 2531 regulam
890 2450 1057 2528 certissimam
1076 2450 1244 2529 dirigenda.

321 2550 339 2588 2

280 2550 400 2691 Ageiites
419 2612 538 2691 cauffam
558 2612 636 2695 apud
650 2610 769 2691 Judiees
784 2611 890 2694 primo,
911 2610 1095 2687 velsecundo
1114 2610 1242 2689 locoque

318 2692 422 2749 ratione
437 2692 470 2767 se
486 2716 575 2772 gerere
594 2690 725 2755 debeant.
1135 2708 1184 2768 74
1200 2708 1238 2767 75

279 2768 403 2850 Agefilai
422 2775 507 2851 Regis
527 2775 557 2835 in
569 2772 663 2851 filium
679 2771 823 2851 facilitas.
1185 2770 1239 2848 185

278 2852 352 2944 Agri
371 2851 478 2913 colendi
498 2878 587 2931 cura,
615 2871 698 2934 atque
713 2852 838 2931 studium
858 2851 894 2929 est
923 2869 1025 2914 natura
1044 2849 1129 2933 ipſsus
1148 2850 1240 2910 imita·

315 2950 371 2989 teo.

275 3010 409 3089 Agricolae
424 3009 605 3085 fimilicudo.·
1198 3010 1236 3070 18

278 3092 462 3169 Agricultura
486 3090 628 3166 Aulium,
650 3090 690 3150 &
710 3090 746 3149 de
766 3089 802 3146 iis
822 3089 978 3166 judicium.
1065 3110 1113 3165 24
1133 3108 1179 3165 27.
1200 3090 1238 3148 28

275 3172 408 3233 Alcimus
432 3171 555 3232 Andreas
585 3171 615 3230 in
635 3166 781 3248 Gymnasso
803 3166 967 3242 ferrariensi
982 3172 1042 3246 Jus
1061 3169 1159 3229 Civile
1175 3184 1239 3249 pro-

273 3251 441 3391 Aloiliiiii
453 3296 628 3410 adolescentis
648 3331 747 3389 mirum
766 3329 918 3420 judicium.
987 3408 992 3421 ι
1178 3268 1236 3406 illi

276 3410 439 3473 Alexandri
459 3414 563 3494 Magni
582 3411 734 3473 admodum
754 3410 932 3486 adolescentis
951 3430 1053 3469 merum
1071 3410 1238 3491 judicium.

271 3490 435 3630 Alisiiiisder
454 3576 581 3654 Magnus
599 3596 619 3633 a
632 3571 692 3648 fhlo
713 3570 810 3650 Apelle
823 3568 856 3647 se
872 3570 955 3650 pingi
971 3571 1065 3650 paffus
1082 3573 1135 3649 esi.
1195 3591 1232 3647 45

271 3648 435 3709 Alexander
455 3657 598 3733 Magnus,
608 3654 642 3729 se
662 3649 714 3726 nifi
730 3649 767 3709 ab
787 3650 886 3730 Apelle
905 3652 1035 3732 depingi,
1056 3670 1165 3728 atquea
1179 3652 1236 3725 Ly-

310 3728 389 3809 fippo
409 3730 564 3808 infirmari,
585 3755 632 3793 eur
649 3736 745 3811 pastus
767 3752 820 3791 non
836 3728 889 3804 stt.
1093 3748 1231 3809 171.175

271 3807 434 3870 Alexander
461 3814 587 3892 Magnus
601 3812 700 3893 pirata
720 3811 751 3873 in
763 3808 799 3887 se
818 3808 939 3873 acerbius
964 3808 1069 3891 iocanti
1088 3832 1150 3872 cum
1169 3810 1234 3868 vita

1131 3888 1194 3970 ,psa
