3034 4559
318 467 711 530 COMPESCENDA
733 471 1038 534 IRACUNDIA.
1080 489 1134 551 ης

218 544 257 610 sus
279 549 427 610 rediisset.
449 549 596 610 Postremo
615 569 685 609 vero
705 548 726 609 fi
747 570 799 629 pro
821 550 929 611 virtute
952 550 984 610 fit
1007 551 1173 625 iracundia,

217 628 335 710 quando
356 627 457 701 hanc,
477 645 511 687 ut
532 627 641 688 dissum
662 627 726 701 est,
747 629 824 688 viros
845 627 954 689 efficere
976 630 1172 704 contendunt,

216 726 378 789 numquam
397 706 464 766 illos
481 706 633 781 homines,
655 707 706 789 qui
726 708 809 768 illam
825 708 975 787 superant,
1018 708 1104 790 uique
1119 709 1175 771 sor·

216 787 282 847 riter
302 786 516 866 compescunt,
539 787 614 847 tanti
635 787 793 865 Scriptores
815 806 914 848 omnes
935 728 1077 861 secisient,
1099 808 1172 868 quos

215 866 304 926 etiam
326 884 395 925 cunr
413 866 478 925 Diis
501 864 627 927 conferre
645 887 703 926 non
720 866 875 936 dubitant3
895 887 987 948 neque
1004 883 1105 928 contra
1120 867 1173 948 qui

216 943 352 1005 iracunde
374 942 511 1019 faciunt,
540 966 589 1007 eos
618 947 715 1027 inique
746 946 836 1007 facere
856 945 1083 1026 constantissime!
1097 946 1174 1007 dere-

215 1022 367 1099 starentur,
376 1042 410 1083 ac
431 1023 590 1085 maledicus
598 1026 734 1087 omnibus
756 1027 860 1087 acriter
880 1024 1108 1106 insequerentur.
1132 1026 1173 1086 At

215 1102 243 1163 id
262 1102 386 1185 quidem
408 1103 496 1163 efficit
518 1104 680 1179 iracundia,
702 1123 735 1166 ut
757 1106 795 1167 in·
809 1126 842 1166 ea
898 1104 1097 1183 ticulumtnon
1117 1124 1175 1166 cer·

214 1198 330 1257 natur,
350 1199 439 1263 atque
461 1203 494 1243 ea
514 1184 626 1244 ratione
647 1201 768 1259 metus,
812 1187 840 1245 ui
873 1184 1026 1245 ortitudini
1047 1184 1174 1245 maxime

216 1260 408 1335 adversatur,
439 1282 473 1321 ex
495 1283 594 1323 eorum
617 1264 720 1326 animis
743 1206 901 1325 vioientius
923 1261 1092 1337 auferatur,
1145 1264 1174 1324 ui

217 1340 366 1402 iracundia
387 1341 520 1402 animum
541 1344 763 1405 commotiorem
784 1342 935 1411 habeant3
964 1363 1023 1423 quo
1047 1363 1105 1403 uuo
1122 1285 1175 1401 ir-

217 1433 270 1492 to,
291 1436 328 1481 ur
349 1418 482 1481 fortiores
503 1422 559 1483 sint
580 1422 672 1497 irati,
693 1424 843 1483 necessario
865 1422 1014 1501 sequitur.
1036 1421 1102 1481 Hoc
1124 1441 1174 1480 au·

217 1514 274 1559 tem
297 1515 415 1561 tantum
436 1500 536 1576 abest,
567 1518 599 1561 ut
620 1500 780 1582 probetur,
810 1519 842 1562 ut
872 1501 999 1560 maxime
1020 1499 1174 1561 ridiculum

218 1578 273 1652 lit,
304 1578 385 1661 quasi
414 1582 509 1641 omnis
539 1581 666 1661 privatio
695 1599 789 1643 metus
817 1579 1018 1646 fortitudinem
1048 1577 1172 1653 efficiat,

218 1672 280 1730 aut,
302 1678 364 1719 uno
384 1657 502 1739 dempto
523 1682 557 1721 ex
580 1661 734 1721 hominum
755 1660 860 1720 animis
881 1659 1011 1731 timore,
1032 1659 1172 1719 continuo

216 1735 236 1795 ii
252 1737 395 1812 Horatii,
417 1738 519 1812 Fabii,
542 1741 698 1816 Marcelli,
721 1741 868 1820 Scipiones
878 1739 964 1800 liant.
984 1740 1062 1800 Nam
1085 1736 1104 1797 fi
1128 1739 1171 1799 ita

219 1814 270 1892 fit,
300 1818 398 1891 vino,
426 1839 458 1879 ac
486 1819 678 1910 desperatione
708 1818 720 1899 [
743 1838 776 1881 ur
797 1840 872 1880 nunc
893 1819 927 1880 de
948 1820 1056 1881 caereris
1078 1818 1172 1877 animi

219 1896 506 1973 perturbationibus,
535 1921 566 1960 m
587 1900 691 1981 quibus
712 1900 843 1960 homines
864 1901 964 1960 omnia
984 1898 1110 1979 pericula
1130 1894 1172 1957 fa·

221 1974 326 2037 tillime
356 1978 583 2059 contemnunt]
612 1978 754 2040 fortitudo
784 1979 911 2040 maxime
939 1975 1172 2057 comparabitur.

221 2052 367 2136 Siquidem
396 2056 527 2118 homines
558 2058 589 2117 in
610 2059 773 2119 vinolentia
793 2104 802 2131 ,
830 2075 917 2139 atque
939 2057 1073 2117 ebrietate
1094 2055 1172 2115 nihil

222 2132 323 2196 timent
342 2155 351 2204 3
373 2138 472 2197 omnia
529 2137 618 2198 ricula
638 2157 744 2218 aque,
767 2154 854 2218 atque
874 2157 917 2197 res
938 2152 1040 2208 tutas,
1064 2136 1171 2195 adeunt

223 2210 402 2275 securiffime.
424 2216 461 2277 In
502 2216 678 2297 esperatione
701 2237 771 2277 vero
792 2218 835 2277 ita
854 2217 929 2276 vires
951 2215 1096 2275 interdum
1119 2214 1168 2273 ad·

222 2308 375 2373 augentur,
396 2311 535 2377 utquam
556 2297 669 2356 ratione
691 2294 812 2356 salutem
831 2294 918 2355 tutari
939 2313 998 2352 non
1019 2309 1171 2371 poterant,

222 2388 277 2431 ram
293 2374 387 2434 etiarn
403 2374 439 2435 ad
456 2374 627 2446 visloriam,
650 2391 737 2455 atque
750 2374 790 2441 ¹ad
807 2372 965 2453 gloriosum
987 2372 1170 2451 triumphum

222 2452 386 2524 traducant3
406 2471 439 2514 ut
457 2455 518 2528 his,
539 2454 570 2515 ἃ
587 2454 688 2515 multis
705 2453 789 2524 aliis,
810 2450 914 2534 quibus
925 2451 1075 2512 brevitatis
1093 2450 1171 2511 caus·

221 2526 244 2589 sa
262 2531 453 2612 supersedeo,
481 2533 659 2595 validissimis
691 2532 850 2594 rationibus
873 2534 916 2592 ira
937 2546 1078 2604 tantum,
1110 2551 1169 2591 non

222 2625 311 2671 autem
343 2612 502 2673 iracundia
520 2615 556 2674 ad
586 2613 746 2674 Aristotelis
776 2612 946 2673 divisionem
975 2630 1042 2671 cum
1064 2609 1172 2671 virtute

222 2690 318 2759 tonjun
343 2691 352 2750 i
375 2690 458 2772 poffit
475 2737 483 2751 .
503 2692 556 2753 Sed
577 2692 635 2762 iam
658 2692 694 2754 ad
715 2692 881 2753 institutum
903 2690 1030 2752 nostrum
1052 2688 1170 2751 redeuu-

221 2766 283 2830 dum
352 2814 359 2829 .
381 2773 530 2846 Quoniam
552 2773 641 2852 igitur
664 2773 715 2842 illa
735 2773 767 2832 in
789 2770 916 2853 periculo
937 2772 992 2843 est,
1015 2790 1049 2829 ne
1067 2790 1173 2851 augea·

222 2860 285 2920 tur3
315 2851 377 2910 haec
398 2870 467 2911 vero
486 2871 553 2912 cum
574 2852 609 2912 ad
631 2852 776 2913 summum
797 2852 881 2913 audin
900 2850 965 2923 est,
993 2849 1024 2909 in
1046 2848 1172 2911 furorem

221 2922 366 2988 bominem
388 2930 539 3011 impellit,
561 2932 677 3012 utrique
697 2952 776 3012 aeque
797 2929 1002 2991 consulendum
1022 2929 1084 2990 est.
1114 2929 1174 2991 Pri-

221 3021 295 3068 mum
318 3026 417 3070 autem
438 3031 473 3069 ne
494 3009 675 3080 irascamur,
706 3010 808 3070 deinde
838 3029 904 3069 cum
934 3007 962 3068 id
986 3006 1107 3068 omnin'o
1129 3008 1172 3067 vi·

221 3100 274 3148 tare
294 3089 531 3169 nequiverimus,
554 3106 585 3148 ut
607 3091 634 3148 ei
656 3090 838 3149 moderemur
857 3131 865 3159 ,
886 3106 958 3146 neve
979 3082 1102 3145 furentes
1123 3085 1174 3146 liae

221 3184 299 3238 mus,
321 3168 353 3227 in
375 3187 500 3249 quorum
524 3168 616 3228 altero
638 3167 739 3241 sanos,
757 3167 809 3247 qui
829 3166 864 3225 de
885 3164 1062 3224 medicorum
1083 3166 1172 3225 consr-

220 3242 280 3322 lio,
311 3266 348 3308 ne
370 3248 400 3308 in
422 3247 554 3308 morbum
578 3247 745 3320 incidant,
763 3243 849 3325 probe
870 3259 990 3314 curaut3
1028 3244 1060 3304 in
1081 3243 1173 3305 altero

219 3342 408 3405 egrotantes,
430 3328 482 3407 qui
505 3344 537 3388 ut
560 3326 681 3387 omnino
702 3326 731 3386 in
750 3324 884 3384 morbum
902 3323 1074 3397 inciderint,
1095 3344 1131 3385 ne
1147 3324 1174 3406 is

219 3408 333 3483 gravior
356 3406 426 3479 fiat,
448 3423 562 3487 atque,
583 3424 616 3465 ur
636 3405 728 3466 levius
749 3402 882 3477 seratur,
915 3424 1034 3465 onmem
1055 3403 1174 3465 medici·

219 3501 284 3545 nam
305 3486 465 3559 adhibent,
488 3486 641 3564 prudenter
663 3482 858 3543 imitabimur.
881 3483 922 3545 Ut
949 3484 1039 3563 igitur
1055 3484 1086 3543 in
1103 3484 1173 3556 hac,

219 3582 275 3643 qua
296 3564 414 3642 sumus,
435 3565 526 3624 animi
548 3563 759 3645 tranquillitate
782 3562 954 3653 perstemus,
974 3563 1018 3623 his
1041 3562 1174 3623 remediis

221 3644 411 3725 assequemur,
433 3644 450 3702 si
469 3663 569 3703 omues
591 3664 655 3716 rrae,
673 3640 747 3702 unde
770 3642 837 3703 ouri
858 3642 966 3716 solent,
985 3642 1089 3702 caussas
1107 3660 1173 3727 pru·
1265 3674 1271 3679 «

220 3720 316 3784 denter
339 3722 497 3784 obstrudlas
521 3722 716 3792 habebimus;
745 3737 801 3794 ut,
831 3722 883 3801 qui
914 3741 984 3799 agro
1006 3719 1056 3780 suo
1077 3738 1172 3778 amnis

219 3798 408 3884 irruptionem
432 3802 517 3864 timet
540 3846 549 3877 ,
569 3817 620 3864 aut
640 3800 791 3864 altioribus
814 3800 898 3862 illum
919 3795 1071 3881 aggeribus
1095 3801 1173 3889 com}

288 3928 292 3937 .
755 3891 758 3898 '
1020 3891 1134 3949 munit,
