<?xml version="1.0" encoding="UTF-8"?>
<!DOCTYPE html PUBLIC "-//W3C//DTD XHTML 1.0 Transitional//EN"
    "http://www.w3.org/TR/xhtml1/DTD/xhtml1-transitional.dtd">
<html xmlns="http://www.w3.org/1999/xhtml" xml:lang="en" lang="en">
 <head>
  <title>
</title>
<meta http-equiv="Content-Type" content="text/html;charset=utf-8" />
  <meta name='ocr-system' content='tesseract 3.04.00' />
  <meta name='ocr-capabilities' content='ocr_page ocr_carea ocr_par ocr_line ocrx_word'/>
</head>
<body>
  <div class='ocr_page' id='page_1' title='image "./operumtomusprim01riccgoog/operumtomusprim01riccgoog_0090.png"; bbox 0 0 3034 4559; ppageno 0'>
   <div class='ocr_carea' id='block_1_1' title="bbox 236 2669 239 2694">
    <p class='ocr_par' dir='ltr' id='par_1_1' title="bbox 236 2669 239 2694">
     <span class='ocr_line' id='line_1_1' title="bbox 236 2669 239 2694; baseline 0 0"><span class='ocrx_word' id='word_1_1' title='bbox 236 2669 239 2694; x_wconf 87' lang='lat' dir='ltr'>l</span> 
     </span>
    </p>
   </div>
   <div class='ocr_carea' id='block_1_2' title="bbox 272 458 1239 2056">
    <p class='ocr_par' dir='ltr' id='par_1_2' title="bbox 272 458 1239 1735">
     <span class='ocr_line' id='line_1_2' title="bbox 487 458 1171 540; baseline 0.003 -24"><span class='ocrx_word' id='word_1_2' title='bbox 487 486 489 490; x_wconf 93' lang='lat'>-</span> <span class='ocrx_word' id='word_1_3' title='bbox 565 458 591 534; x_wconf 74' lang='lat' dir='ltr'>u</span> <span class='ocrx_word' id='word_1_4' title='bbox 630 458 649 516; x_wconf 83' lang='lat'><em>1</em></span> <span class='ocrx_word' id='word_1_5' title='bbox 683 461 711 516; x_wconf 78' lang='lat' dir='ltr'>a</span> <span class='ocrx_word' id='word_1_6' title='bbox 750 459 779 516; x_wconf 68' lang='lat' dir='ltr'>a</span> <span class='ocrx_word' id='word_1_7' title='bbox 815 461 843 516; x_wconf 83' lang='lat' dir='ltr'>re</span> <span class='ocrx_word' id='word_1_8' title='bbox 902 459 952 518; x_wconf 84' lang='lat' dir='ltr'>ru.</span> <span class='ocrx_word' id='word_1_9' title='bbox 1151 485 1171 540; x_wconf 75' lang='lat'>9</span> 
     </span>
     <span class='ocr_line' id='line_1_3' title="bbox 277 534 1238 620; baseline 0.002 -21"><span class='ocrx_word' id='word_1_10' title='bbox 277 534 372 604; x_wconf 70' lang='lat' dir='ltr'>tium.</span> <span class='ocrx_word' id='word_1_11' title='bbox 392 535 425 598; x_wconf 84' lang='lat' dir='ltr'>si</span> <span class='ocrx_word' id='word_1_12' title='bbox 442 535 555 617; x_wconf 89' lang='lat' dir='ltr'>prorsus</span> <span class='ocrx_word' id='word_1_13' title='bbox 572 536 771 620; x_wconf 86' lang='lat' dir='ltr'>ignorabimus</span> <span class='ocrx_word' id='word_1_14' title='bbox 789 556 797 606; x_wconf 90' lang='lat'>;</span> <span class='ocrx_word' id='word_1_15' title='bbox 818 536 848 598; x_wconf 75' lang='grc' dir='ltr'>δι</span> <span class='ocrx_word' id='word_1_16' title='bbox 865 536 899 598; x_wconf 86' lang='lat' dir='ltr'>iis</span> <span class='ocrx_word' id='word_1_17' title='bbox 916 537 1033 615; x_wconf 83' lang='lat' dir='ltr'>verbis,</span> <span class='ocrx_word' id='word_1_18' title='bbox 1058 540 1089 601; x_wconf 91' lang='lat'>&amp;</span> <span class='ocrx_word' id='word_1_19' title='bbox 1105 562 1140 604; x_wconf 89' lang='lat' dir='ltr'>eo</span> <span class='ocrx_word' id='word_1_20' title='bbox 1155 541 1238 604; x_wconf 78' lang='lat' dir='ltr'>ordi-</span> 
     </span>
     <span class='ocr_line' id='line_1_4' title="bbox 276 616 1237 700; baseline 0.006 -23"><span class='ocrx_word' id='word_1_21' title='bbox 276 637 327 692; x_wconf 85' lang='lat' dir='ltr'>ne,</span> <span class='ocrx_word' id='word_1_22' title='bbox 349 636 412 698; x_wconf 94' lang='lat' dir='ltr'>quo</span> <span class='ocrx_word' id='word_1_23' title='bbox 437 616 511 677; x_wconf 88' lang='lat' dir='ltr'>alius</span> <span class='ocrx_word' id='word_1_24' title='bbox 528 617 679 697; x_wconf 88' lang='lat' dir='ltr'>protulerit</span> <span class='ocrx_word' id='word_1_25' title='bbox 696 616 774 696; x_wconf 89' lang='lat' dir='ltr'>prius</span> <span class='ocrx_word' id='word_1_26' title='bbox 792 660 801 690; x_wconf 94' lang='lat'>,</span> <span class='ocrx_word' id='word_1_27' title='bbox 831 637 991 699; x_wconf 85' lang='lat' dir='ltr'><strong>numquam</strong></span> <span class='ocrx_word' id='word_1_28' title='bbox 1007 639 1025 679; x_wconf 90' lang='lat' dir='ltr'>a</span> <span class='ocrx_word' id='word_1_29' title='bbox 1040 618 1122 680; x_wconf 90' lang='lat' dir='ltr'>nobis</span> <span class='ocrx_word' id='word_1_30' title='bbox 1139 618 1237 700; x_wconf 67' lang='lat' dir='ltr'>prose«,</span> 
     </span>
     <span class='ocr_line' id='line_1_5' title="bbox 277 695 1227 777; baseline 0.002 -19"><span class='ocrx_word' id='word_1_31' title='bbox 277 712 368 767; x_wconf 76' lang='lat' dir='ltr'>retur,</span> <span class='ocrx_word' id='word_1_32' title='bbox 390 695 431 755; x_wconf 88' lang='lat' dir='ltr'>sin</span> <span class='ocrx_word' id='word_1_33' title='bbox 448 713 548 758; x_wconf 87' lang='lat' dir='ltr'>autem</span> <span class='ocrx_word' id='word_1_34' title='bbox 565 699 705 770; x_wconf 82' lang='lat' dir='ltr'>incorum</span> <span class='ocrx_word' id='word_1_35' title='bbox 722 696 844 777; x_wconf 86' lang='lat' dir='ltr'>vestigia</span> <span class='ocrx_word' id='word_1_36' title='bbox 860 697 981 760; x_wconf 92' lang='lat' dir='ltr'>omnino</span> <span class='ocrx_word' id='word_1_37' title='bbox 997 697 1117 761; x_wconf 90' lang='lat' dir='ltr'>dicendo</span> <span class='ocrx_word' id='word_1_38' title='bbox 1134 700 1227 762; x_wconf 86' lang='lat' dir='ltr'>incur·</span> 
     </span>
     <span class='ocr_line' id='line_1_6' title="bbox 273 775 1236 856; baseline 0 -17"><span class='ocrx_word' id='word_1_39' title='bbox 273 794 392 851; x_wconf 80' lang='lat' dir='ltr'>remus,</span> <span class='ocrx_word' id='word_1_40' title='bbox 410 795 552 856; x_wconf 80' lang='lat' dir='ltr'>magnum</span> <span class='ocrx_word' id='word_1_41' title='bbox 568 793 633 838; x_wconf 91' lang='lat' dir='ltr'>tum</span> <span class='ocrx_word' id='word_1_42' title='bbox 650 775 790 838; x_wconf 84' lang='lat' dir='ltr'>orationis</span> <span class='ocrx_word' id='word_1_43' title='bbox 807 776 906 837; x_wconf 76' lang='lat' dir='ltr'>nostra</span> <span class='ocrx_word' id='word_1_44' title='bbox 928 777 1127 842; x_wconf 82' lang='lat' dir='ltr'>testimonium</span> <span class='ocrx_word' id='word_1_45' title='bbox 1144 775 1236 840; x_wconf 86' lang='lat' dir='ltr'>habe·-</span> 
     </span>
     <span class='ocr_line' id='line_1_7' title="bbox 272 854 1231 941; baseline -0.001 -22"><span class='ocrx_word' id='word_1_46' title='bbox 272 875 300 919; x_wconf 84' lang='lat' dir='ltr'>re</span> <span class='ocrx_word' id='word_1_47' title='bbox 314 854 507 938; x_wconf 82' lang='lat' dir='ltr'><strong>poterimus,</strong></span> <span class='ocrx_word' id='word_1_48' title='bbox 527 877 593 918; x_wconf 86' lang='lat' dir='ltr'>eam</span> <span class='ocrx_word' id='word_1_49' title='bbox 609 856 731 917; x_wconf 90' lang='lat' dir='ltr'>minime</span> <span class='ocrx_word' id='word_1_50' title='bbox 745 854 798 917; x_wconf 83' lang='lat' dir='ltr'>elie</span> <span class='ocrx_word' id='word_1_51' title='bbox 813 857 1056 919; x_wconf 87' lang='lat' dir='ltr'>contemnendam</span> <span class='ocrx_word' id='word_1_52' title='bbox 1073 904 1083 935; x_wconf 89' lang='lat'>,</span> <span class='ocrx_word' id='word_1_53' title='bbox 1104 879 1169 941; x_wconf 81' lang='lat' dir='ltr'>quae</span> <span class='ocrx_word' id='word_1_54' title='bbox 1184 878 1231 919; x_wconf 88' lang='lat' dir='ltr'>ea-</span> 
     </span>
     <span class='ocr_line' id='line_1_8' title="bbox 272 933 1231 1018; baseline 0 -20"><span class='ocrx_word' id='word_1_55' title='bbox 272 934 335 998; x_wconf 80' lang='lat' dir='ltr'>¹dem</span> <span class='ocrx_word' id='word_1_56' title='bbox 365 933 402 997; x_wconf 82' lang='lat' dir='ltr'>fit</span> <span class='ocrx_word' id='word_1_57' title='bbox 444 935 652 1016; x_wconf 76' lang='lat' dir='ltr'>optimorum.</span> <span class='ocrx_word' id='word_1_58' title='bbox 691 936 723 997; x_wconf 85' lang='lat' dir='ltr'>si-</span> <span class='ocrx_word' id='word_1_59' title='bbox 755 956 826 997; x_wconf 86' lang='lat' dir='ltr'>vero</span> <span class='ocrx_word' id='word_1_60' title='bbox 859 937 893 999; x_wconf 87' lang='lat' dir='ltr'>in</span> <span class='ocrx_word' id='word_1_61' title='bbox 926 936 1072 1018; x_wconf 71' lang='lat' dir='ltr'>perspeiio</span> <span class='ocrx_word' id='word_1_62' title='bbox 1104 936 1231 1000; x_wconf 87' lang='lat' dir='ltr'>versabi-</span> 
     </span>
     <span class='ocr_line' id='line_1_9' title="bbox 273 1014 1232 1097; baseline -0.001 -17"><span class='ocrx_word' id='word_1_63' title='bbox 273 1035 357 1090; x_wconf 83' lang='lat' dir='ltr'>mur,</span> <span class='ocrx_word' id='word_1_64' title='bbox 377 1034 435 1076; x_wconf 79' lang='lat' dir='ltr'>nos</span> <span class='ocrx_word' id='word_1_65' title='bbox 450 1036 510 1077; x_wconf 90' lang='lat' dir='ltr'>una</span> <span class='ocrx_word' id='word_1_66' title='bbox 525 1015 583 1078; x_wconf 87' lang='lat' dir='ltr'>haec</span> <span class='ocrx_word' id='word_1_67' title='bbox 601 1014 755 1097; x_wconf 83' lang='lat' dir='ltr'>multiplex</span> <span class='ocrx_word' id='word_1_68' title='bbox 771 1017 985 1078; x_wconf 70' lang='lat' dir='ltr'>commutanda</span> <span class='ocrx_word' id='word_1_69' title='bbox 997 1018 1138 1080; x_wconf 86' lang='lat' dir='ltr'>orationis</span> <span class='ocrx_word' id='word_1_70' title='bbox 1155 1017 1232 1080; x_wconf 88' lang='lat' dir='ltr'>ratio</span> 
     </span>
     <span class='ocr_line' id='line_1_10' title="bbox 274 1093 1231 1175; baseline 0.001 -18"><span class='ocrx_word' id='word_1_71' title='bbox 274 1094 385 1175; x_wconf 84' lang='lat' dir='ltr'>prorsus</span> <span class='ocrx_word' id='word_1_72' title='bbox 405 1094 444 1157; x_wconf 87' lang='lat' dir='ltr'>ab</span> <span class='ocrx_word' id='word_1_73' title='bbox 458 1096 539 1160; x_wconf 89' lang='lat' dir='ltr'>omni</span> <span class='ocrx_word' id='word_1_74' title='bbox 556 1093 628 1156; x_wconf 84' lang='lat' dir='ltr'>furti</span> <span class='ocrx_word' id='word_1_75' title='bbox 644 1093 824 1158; x_wconf 80' lang='lat' dir='ltr'>accusatione</span> <span class='ocrx_word' id='word_1_76' title='bbox 847 1095 1001 1159; x_wconf 86' lang='lat' dir='ltr'>liberabit.</span> <span class='ocrx_word' id='word_1_77' title='bbox 1033 1100 1134 1174; x_wconf 85' lang='lat' dir='ltr'>Quam</span> <span class='ocrx_word' id='word_1_78' title='bbox 1149 1099 1231 1160; x_wconf 87' lang='lat' dir='ltr'>viam</span> 
     </span>
     <span class='ocr_line' id='line_1_11' title="bbox 278 1172 1233 1257; baseline 0.002 -21"><span class='ocrx_word' id='word_1_79' title='bbox 278 1172 492 1251; x_wconf 69' lang='lat' dir='ltr'>ucarbonem</span> <span class='ocrx_word' id='word_1_80' title='bbox 509 1174 643 1250; x_wconf 79' lang='lat' dir='ltr'>tenuisse,</span> <span class='ocrx_word' id='word_1_81' title='bbox 662 1175 766 1238; x_wconf 89' lang='lat' dir='ltr'>Cicero</span> <span class='ocrx_word' id='word_1_82' title='bbox 782 1176 979 1257; x_wconf 90' lang='lat' dir='ltr'>scriptumreli</span> <span class='ocrx_word' id='word_1_83' title='bbox 1001 1176 1060 1238; x_wconf 92' lang='lat' dir='ltr'>uit.</span> <span class='ocrx_word' id='word_1_84' title='bbox 1082 1177 1112 1239; x_wconf 88' lang='lat' dir='ltr'>Si</span> <span class='ocrx_word' id='word_1_85' title='bbox 1135 1175 1233 1238; x_wconf 89' lang='lat' dir='ltr'>uidem</span> 
     </span>
     <span class='ocr_line' id='line_1_12' title="bbox 278 1197 1231 1338; baseline 0.002 -23"><span class='ocrx_word' id='word_1_86' title='bbox 278 1253 347 1331; x_wconf 89' lang='lat' dir='ltr'>bic,</span> <span class='ocrx_word' id='word_1_87' title='bbox 367 1273 437 1316; x_wconf 90' lang='lat' dir='ltr'>cum</span> <span class='ocrx_word' id='word_1_88' title='bbox 456 1256 640 1317; x_wconf 77' lang='lat' dir='ltr'>seexerceret</span> <span class='ocrx_word' id='word_1_89' title='bbox 656 1255 863 1320; x_wconf 85' lang='lat' dir='ltr'>addicendum</span> <span class='ocrx_word' id='word_1_90' title='bbox 880 1301 889 1331; x_wconf 93' lang='lat'>,</span> <span class='ocrx_word' id='word_1_91' title='bbox 918 1198 1000 1338; x_wconf 80' lang='lat' dir='ltr'>quod</span> <span class='ocrx_word' id='word_1_92' title='bbox 1019 1278 1054 1320; x_wconf 86' lang='lat' dir='ltr'>ex</span> <span class='ocrx_word' id='word_1_93' title='bbox 1070 1197 1231 1336; x_wconf 82' lang='lat' dir='ltr'>prtibarisli-</span> 
     </span>
     <span class='ocr_line' id='line_1_13' title="bbox 279 1334 1239 1414; baseline 0.004 -20"><span class='ocrx_word' id='word_1_94' title='bbox 279 1354 322 1396; x_wconf 89' lang='lat' dir='ltr'>mo</span> <span class='ocrx_word' id='word_1_95' title='bbox 338 1334 442 1414; x_wconf 92' lang='lat' dir='ltr'>aliquo</span> <span class='ocrx_word' id='word_1_96' title='bbox 462 1350 514 1397; x_wconf 90' lang='lat' dir='ltr'>aut</span> <span class='ocrx_word' id='word_1_97' title='bbox 530 1335 619 1396; x_wconf 88' lang='lat' dir='ltr'>Poeta</span> <span class='ocrx_word' id='word_1_98' title='bbox 635 1380 645 1410; x_wconf 89' lang='lat'>,</span> <span class='ocrx_word' id='word_1_99' title='bbox 666 1349 717 1397; x_wconf 80' lang='lat' dir='ltr'>aut</span> <span class='ocrx_word' id='word_1_100' title='bbox 738 1337 863 1397; x_wconf 90' lang='lat' dir='ltr'>Oratore</span> <span class='ocrx_word' id='word_1_101' title='bbox 880 1337 1022 1397; x_wconf 88' lang='lat' dir='ltr'>memoria</span> <span class='ocrx_word' id='word_1_102' title='bbox 1045 1355 1111 1396; x_wconf 93' lang='lat' dir='ltr'>com</span> <span class='ocrx_word' id='word_1_103' title='bbox 1133 1336 1239 1398; x_wconf 72' lang='lat' dir='ltr'>rehem·</span> 
     </span>
     <span class='ocr_line' id='line_1_14' title="bbox 280 1356 1235 1496; baseline 0.002 -22"><span class='ocrx_word' id='word_1_104' title='bbox 280 1413 337 1475; x_wconf 88' lang='lat' dir='ltr'>dere</span> <span class='ocrx_word' id='word_1_105' title='bbox 355 1416 464 1494; x_wconf 78' lang='lat' dir='ltr'>posset,</span> <span class='ocrx_word' id='word_1_106' title='bbox 487 1413 565 1476; x_wconf 90' lang='lat' dir='ltr'>idem</span> <span class='ocrx_word' id='word_1_107' title='bbox 580 1413 632 1476; x_wconf 87' lang='lat' dir='ltr'>suo</span> <span class='ocrx_word' id='word_1_108' title='bbox 647 1414 735 1476; x_wconf 85' lang='lat' dir='ltr'>inodo</span> <span class='ocrx_word' id='word_1_109' title='bbox 751 1416 929 1494; x_wconf 85' lang='lat' dir='ltr'>exprimere,</span> <span class='ocrx_word' id='word_1_110' title='bbox 951 1431 1038 1496; x_wconf 87' lang='lat' dir='ltr'>atque</span> <span class='ocrx_word' id='word_1_111' title='bbox 1054 1356 1235 1494; x_wconf 77' lang='lat' dir='ltr'>prosirreco-</span> 
     </span>
     <span class='ocr_line' id='line_1_15' title="bbox 279 1492 1234 1557; baseline -0.001 -2"><span class='ocrx_word' id='word_1_112' title='bbox 279 1492 422 1555; x_wconf 78' lang='lat' dir='ltr'>nubatur..</span> <span class='ocrx_word' id='word_1_113' title='bbox 451 1493 581 1555; x_wconf 90' lang='lat' dir='ltr'>Videbar</span> <span class='ocrx_word' id='word_1_114' title='bbox 601 1493 707 1555; x_wconf 90' lang='lat' dir='ltr'>scilicet</span> <span class='ocrx_word' id='word_1_115' title='bbox 728 1493 881 1557; x_wconf 88' lang='lat' dir='ltr'>industrius</span> <span class='ocrx_word' id='word_1_116' title='bbox 901 1496 1011 1555; x_wconf 86' lang='lat' dir='ltr'>Orator</span> <span class='ocrx_word' id='word_1_117' title='bbox 1030 1492 1105 1555; x_wconf 86' lang='lat' dir='ltr'>hanc</span> <span class='ocrx_word' id='word_1_118' title='bbox 1127 1493 1234 1554; x_wconf 88' lang='lat' dir='ltr'>exerci-</span> 
     </span>
     <span class='ocr_line' id='line_1_16' title="bbox 283 1571 1232 1655; baseline 0.003 -23"><span class='ocrx_word' id='word_1_119' title='bbox 283 1573 424 1635; x_wconf 83' lang='lat' dir='ltr'>tationem</span> <span class='ocrx_word' id='word_1_120' title='bbox 455 1575 582 1634; x_wconf 84' lang='lat' dir='ltr'>maxime</span> <span class='ocrx_word' id='word_1_121' title='bbox 603 1572 640 1633; x_wconf 86' lang='lat' dir='ltr'>ad</span> <span class='ocrx_word' id='word_1_122' title='bbox 666 1573 779 1634; x_wconf 88' lang='lat' dir='ltr'>dicendi</span> <span class='ocrx_word' id='word_1_123' title='bbox 805 1573 924 1655; x_wconf 87' lang='lat' dir='ltr'>copiam</span> <span class='ocrx_word' id='word_1_124' title='bbox 937 1571 1105 1653; x_wconf 84' lang='lat' dir='ltr'>pertinere.</span> <span class='ocrx_word' id='word_1_125' title='bbox 1126 1574 1232 1654; x_wconf 86' lang='lat' dir='ltr'>Neque</span> 
     </span>
     <span class='ocr_line' id='line_1_17' title="bbox 281 1651 1233 1735; baseline 0.001 -24"><span class='ocrx_word' id='word_1_126' title='bbox 281 1652 346 1712; x_wconf 85' lang='lat' dir='ltr'>mihi</span> <span class='ocrx_word' id='word_1_127' title='bbox 366 1674 446 1714; x_wconf 90' lang='lat' dir='ltr'>nunc</span> <span class='ocrx_word' id='word_1_128' title='bbox 468 1654 501 1716; x_wconf 88' lang='lat' dir='ltr'>L.</span> <span class='ocrx_word' id='word_1_129' title='bbox 518 1651 608 1713; x_wconf 82' lang='lat' dir='ltr'>Crassi</span> <span class='ocrx_word' id='word_1_130' title='bbox 624 1670 849 1735; x_wconf 84' lang='lat' dir='ltr'>quantacunque</span> <span class='ocrx_word' id='word_1_131' title='bbox 870 1651 1029 1715; x_wconf 65' lang='lat' dir='ltr'>annornm</span> <span class='ocrx_word' id='word_1_132' title='bbox 1041 1652 1092 1726; x_wconf 89' lang='lat' dir='ltr'>srt,</span> <span class='ocrx_word' id='word_1_133' title='bbox 1114 1652 1170 1714; x_wconf 91' lang='lat' dir='ltr'>hoc</span> <span class='ocrx_word' id='word_1_134' title='bbox 1180 1673 1233 1712; x_wconf 84' lang='lat' dir='ltr'>un·</span> 
     </span>
    </p>

    <p class='ocr_par' dir='ltr' id='par_1_3' title="bbox 282 1730 1237 1980">
     <span class='ocr_line' id='line_1_18' title="bbox 298 1730 1233 1813; baseline 0 -20"><span class='ocrx_word' id='word_1_135' title='bbox 298 1750 362 1793; x_wconf 91' lang='lat' dir='ltr'>uam</span> <span class='ocrx_word' id='word_1_136' title='bbox 380 1731 504 1813; x_wconf 88' lang='lat' dir='ltr'>eripiet,</span> <span class='ocrx_word' id='word_1_137' title='bbox 524 1750 559 1796; x_wconf 94' lang='lat' dir='ltr'>ut</span> <span class='ocrx_word' id='word_1_138' title='bbox 574 1732 654 1813; x_wconf 92' lang='lat' dir='ltr'>quod</span> <span class='ocrx_word' id='word_1_139' title='bbox 670 1732 787 1795; x_wconf 90' lang='lat' dir='ltr'>abonis</span> <span class='ocrx_word' id='word_1_140' title='bbox 804 1731 939 1794; x_wconf 90' lang='lat' dir='ltr'>omnibus</span> <span class='ocrx_word' id='word_1_141' title='bbox 957 1730 1018 1793; x_wconf 87' lang='lat' dir='ltr'>fieri</span> <span class='ocrx_word' id='word_1_142' title='bbox 1035 1731 1175 1807; x_wconf 90' lang='lat' dir='ltr'>videam,</span> <span class='ocrx_word' id='word_1_143' title='bbox 1197 1732 1233 1793; x_wconf 88' lang='lat' dir='ltr'>il-</span> 
     </span>
     <span class='ocr_line' id='line_1_19' title="bbox 282 1750 1237 1894; baseline 0.002 -21"><span class='ocrx_word' id='word_1_144' title='bbox 282 1750 300 1874; x_wconf 79' lang='lat' dir='ltr'>i</span> <span class='ocrx_word' id='word_1_145' title='bbox 314 1811 488 1885; x_wconf 90' lang='lat' dir='ltr'>concedam,</span> <span class='ocrx_word' id='word_1_146' title='bbox 509 1828 592 1892; x_wconf 88' lang='lat' dir='ltr'>turpe</span> <span class='ocrx_word' id='word_1_147' title='bbox 609 1812 662 1873; x_wconf 83' lang='lat' dir='ltr'>esse</span> <span class='ocrx_word' id='word_1_148' title='bbox 678 1812 714 1874; x_wconf 85' lang='lat' dir='ltr'>ad</span> <span class='ocrx_word' id='word_1_149' title='bbox 729 1812 911 1875; x_wconf 87' lang='lat' dir='ltr'>imitandum</span> <span class='ocrx_word' id='word_1_150' title='bbox 928 1833 937 1882; x_wconf 82' lang='lat'>3</span> <span class='ocrx_word' id='word_1_151' title='bbox 956 1833 1023 1874; x_wconf 92' lang='lat' dir='ltr'>cum</span> <span class='ocrx_word' id='word_1_152' title='bbox 1040 1812 1143 1875; x_wconf 86' lang='lat' dir='ltr'>Cicero</span> <span class='ocrx_word' id='word_1_153' title='bbox 1159 1833 1237 1894; x_wconf 76' lang='lat' dir='ltr'>quo·</span> 
     </span>
     <span class='ocr_line' id='line_1_20' title="bbox 299 1890 1234 1980; baseline 0.004 -29"><span class='ocrx_word' id='word_1_154' title='bbox 299 1910 331 1951; x_wconf 89' lang='lat' dir='ltr'>ue</span> <span class='ocrx_word' id='word_1_155' title='bbox 350 1891 401 1952; x_wconf 89' lang='lat' dir='ltr'>ille</span> <span class='ocrx_word' id='word_1_156' title='bbox 422 1890 500 1980; x_wconf 69' lang='lat' dir='ltr'>ipse,</span> <span class='ocrx_word' id='word_1_157' title='bbox 521 1892 573 1973; x_wconf 92' lang='lat' dir='ltr'>qui</span> <span class='ocrx_word' id='word_1_158' title='bbox 594 1890 644 1952; x_wconf 93' lang='lat' dir='ltr'>sub</span> <span class='ocrx_word' id='word_1_159' title='bbox 663 1890 755 1954; x_wconf 81' lang='lat' dir='ltr'>Crassi</span> <span class='ocrx_word' id='word_1_160' title='bbox 814 1892 896 1955; x_wconf 89' lang='lat' dir='ltr'>rsona</span> <span class='ocrx_word' id='word_1_161' title='bbox 916 1913 950 1953; x_wconf 88' lang='lat' dir='ltr'>ea</span> <span class='ocrx_word' id='word_1_162' title='bbox 964 1892 1126 1973; x_wconf 87' lang='lat' dir='ltr'>improbare</span> <span class='ocrx_word' id='word_1_163' title='bbox 1147 1892 1234 1955; x_wconf 85' lang='lat' dir='ltr'>fimu-</span> 
     </span>
    </p>

    <p class='ocr_par' dir='ltr' id='par_1_4' title="bbox 341 1912 1234 2056">
     <span class='ocr_line' id='line_1_21' title="bbox 341 1912 1234 2056; baseline 0.004 -25"><span class='ocrx_word' id='word_1_164' title='bbox 341 1986 354 2031; x_wconf 91' lang='lat' dir='ltr'>t</span> <span class='ocrx_word' id='word_1_165' title='bbox 389 1969 421 2031; x_wconf 80' lang='grc' dir='ltr'>δι</span> <span class='ocrx_word' id='word_1_166' title='bbox 437 1970 522 2032; x_wconf 87' lang='lat' dir='ltr'>aliter</span> <span class='ocrx_word' id='word_1_167' title='bbox 552 1968 695 2045; x_wconf 87' lang='lat' dir='ltr'>senserit,</span> <span class='ocrx_word' id='word_1_168' title='bbox 722 1972 754 2033; x_wconf 78' lang='lat' dir='ltr'>dt</span> <span class='ocrx_word' id='word_1_169' title='bbox 770 1912 869 2034; x_wconf 74' lang='lat' dir='ltr'>siierir</span> <span class='ocrx_word' id='word_1_170' title='bbox 891 1973 1029 2054; x_wconf 87' lang='lat' dir='ltr'>semper.</span> <span class='ocrx_word' id='word_1_171' title='bbox 1055 1972 1121 2033; x_wconf 90' lang='lat' dir='ltr'>Hoc</span> <span class='ocrx_word' id='word_1_172' title='bbox 1141 1973 1234 2056; x_wconf 82' lang='lat' dir='ltr'>igitur</span> 
     </span>
    </p>
   </div>
   <div class='ocr_carea' id='block_1_3' title="bbox 286 2046 1233 2190">
    <p class='ocr_par' dir='ltr' id='par_1_5' title="bbox 286 2046 1233 2190">
     <span class='ocr_line' id='line_1_22' title="bbox 286 2046 1233 2190; baseline 0.001 -79"><span class='ocrx_word' id='word_1_173' title='bbox 286 2046 506 2140; x_wconf 81' lang='lat' dir='ltr'>iuracquirenda</span> <span class='ocrx_word' id='word_1_174' title='bbox 530 2049 784 2112; x_wconf 82' lang='lat' dir='ltr'>alienaesententiae</span> <span class='ocrx_word' id='word_1_175' title='bbox 808 2052 1006 2132; x_wconf 70' lang='lat' dir='ltr'>posstsbonem</span> <span class='ocrx_word' id='word_1_176' title='bbox 1025 2071 1140 2190; x_wconf 77' lang='lat' dir='ltr'>tequam·</span> <span class='ocrx_word' id='word_1_177' title='bbox 1155 2073 1233 2114; x_wconf 91' lang='lat' dir='ltr'>com·</span> 
     </span>
    </p>
   </div>
   <div class='ocr_carea' id='block_1_4' title="bbox 288 2128 1238 2697">
    <p class='ocr_par' dir='ltr' id='par_1_6' title="bbox 288 2128 1238 2697">
     <span class='ocr_line' id='line_1_23' title="bbox 288 2128 1238 2212; baseline 0.004 -24"><span class='ocrx_word' id='word_1_178' title='bbox 288 2146 467 2204; x_wconf 86' lang='lat' dir='ltr'>mutatione,</span> <span class='ocrx_word' id='word_1_179' title='bbox 488 2128 634 2191; x_wconf 86' lang='lat' dir='ltr'>additione</span> <span class='ocrx_word' id='word_1_180' title='bbox 650 2174 663 2204; x_wconf 92' lang='lat'>,.</span> <span class='ocrx_word' id='word_1_181' title='bbox 690 2129 868 2192; x_wconf 66' lang='lat' dir='ltr'>detrudione</span> <span class='ocrx_word' id='word_1_182' title='bbox 889 2130 975 2193; x_wconf 87' lang='lat' dir='ltr'>facile</span> <span class='ocrx_word' id='word_1_183' title='bbox 996 2151 1203 2212; x_wconf 81' lang='lat' dir='ltr'>coaequemur</span> <span class='ocrx_word' id='word_1_184' title='bbox 1224 2176 1238 2192; x_wconf 74' lang='grc'><strong>,</strong></span> 
     </span>
     <span class='ocr_line' id='line_1_24' title="bbox 289 2204 1235 2291; baseline -0.001 -21"><span class='ocrx_word' id='word_1_185' title='bbox 289 2204 488 2271; x_wconf 71' lang='lat' dir='ltr'>commutandi</span> <span class='ocrx_word' id='word_1_186' title='bbox 516 2226 614 2270; x_wconf 91' lang='lat' dir='ltr'>autem</span> <span class='ocrx_word' id='word_1_187' title='bbox 656 2230 727 2275; x_wconf 85' lang='lat' dir='ltr'>enus</span> <span class='ocrx_word' id='word_1_188' title='bbox 754 2209 795 2270; x_wconf 87' lang='lat' dir='ltr'>est</span> <span class='ocrx_word' id='word_1_189' title='bbox 815 2210 921 2291; x_wconf 87' lang='lat' dir='ltr'>duplex</span> <span class='ocrx_word' id='word_1_190' title='bbox 940 2230 953 2280; x_wconf 63' lang='lat'>;.</span> <span class='ocrx_word' id='word_1_191' title='bbox 979 2230 1073 2271; x_wconf 91' lang='lat' dir='ltr'>unum</span> <span class='ocrx_word' id='word_1_192' title='bbox 1091 2209 1200 2270; x_wconf 88' lang='lat' dir='ltr'>ordinis</span> <span class='ocrx_word' id='word_1_193' title='bbox 1220 2231 1235 2282; x_wconf 63' lang='grc' dir='ltr'>,ξ</span> 
     </span>
     <span class='ocr_line' id='line_1_25' title="bbox 289 2231 1234 2361; baseline -0.002 -11"><span class='ocrx_word' id='word_1_194' title='bbox 289 2287 432 2350; x_wconf 73' lang='lat' dir='ltr'>verborum</span> <span class='ocrx_word' id='word_1_195' title='bbox 454 2287 578 2349; x_wconf 84' lang='lat' dir='ltr'>alterurn</span> <span class='ocrx_word' id='word_1_196' title='bbox 595 2334 606 2347; x_wconf 81' lang='grc'><strong>.</strong></span> <span class='ocrx_word' id='word_1_197' title='bbox 626 2231 704 2349; x_wconf 64' lang='lat' dir='ltr'>(ium</span> <span class='ocrx_word' id='word_1_198' title='bbox 725 2307 822 2350; x_wconf 90' lang='lat' dir='ltr'>aurem</span> <span class='ocrx_word' id='word_1_199' title='bbox 846 2310 922 2350; x_wconf 93' lang='lat' dir='ltr'>nunc</span> <span class='ocrx_word' id='word_1_200' title='bbox 940 2288 1049 2348; x_wconf 88' lang='lat' dir='ltr'>ordinis</span> <span class='ocrx_word' id='word_1_201' title='bbox 1065 2287 1156 2361; x_wconf 92' lang='lat' dir='ltr'>dico,</span> <span class='ocrx_word' id='word_1_202' title='bbox 1187 2287 1234 2348; x_wconf 83' lang='lat' dir='ltr'>in·</span> 
     </span>
     <span class='ocr_line' id='line_1_26' title="bbox 291 2364 1235 2449; baseline 0.004 -25"><span class='ocrx_word' id='word_1_203' title='bbox 291 2365 378 2449; x_wconf 85' lang='lat' dir='ltr'>telligq</span> <span class='ocrx_word' id='word_1_204' title='bbox 398 2379 515 2429; x_wconf 88' lang='lat' dir='ltr'>tantum</span> <span class='ocrx_word' id='word_1_205' title='bbox 543 2368 673 2429; x_wconf 89' lang='lat' dir='ltr'>ordinem</span> <span class='ocrx_word' id='word_1_206' title='bbox 694 2367 799 2429; x_wconf 91' lang='lat' dir='ltr'>iisdem</span> <span class='ocrx_word' id='word_1_207' title='bbox 818 2366 1005 2429; x_wconf 78' lang='lat' dir='ltr'>manentibus</span> <span class='ocrx_word' id='word_1_208' title='bbox 1030 2364 1124 2428; x_wconf 88' lang='lat' dir='ltr'>verbis</span> <span class='ocrx_word' id='word_1_209' title='bbox 1151 2365 1184 2427; x_wconf 92' lang='lat' dir='ltr'>in</span> <span class='ocrx_word' id='word_1_210' title='bbox 1205 2388 1235 2428; x_wconf 88' lang='lat' dir='ltr'>a·</span> 
     </span>
     <span class='ocr_line' id='line_1_27' title="bbox 292 2442 1234 2519; baseline 0.004 -16"><span class='ocrx_word' id='word_1_211' title='bbox 292 2442 349 2508; x_wconf 81' lang='lat' dir='ltr'>lam</span> <span class='ocrx_word' id='word_1_212' title='bbox 369 2445 475 2510; x_wconf 85' lang='lat' dir='ltr'>faciem</span> <span class='ocrx_word' id='word_1_213' title='bbox 494 2448 670 2510; x_wconf 69' lang='lat' dir='ltr'>redailum.</span> <span class='ocrx_word' id='word_1_214' title='bbox 699 2448 795 2519; x_wconf 82' lang='lat' dir='ltr'>Huius</span> <span class='ocrx_word' id='word_1_215' title='bbox 816 2463 917 2510; x_wconf 87' lang='lat' dir='ltr'>autem</span> <span class='ocrx_word' id='word_1_216' title='bbox 936 2443 1140 2509; x_wconf 87' lang='lat' dir='ltr'>commutandi</span> <span class='ocrx_word' id='word_1_217' title='bbox 1159 2447 1234 2508; x_wconf 88' lang='lat' dir='ltr'>ordi-</span> 
     </span>
     <span class='ocr_line' id='line_1_28' title="bbox 293 2523 1234 2608; baseline 0.005 -24"><span class='ocrx_word' id='word_1_218' title='bbox 293 2523 424 2590; x_wconf 75' lang='lat' dir='ltr'>usuario</span> <span class='ocrx_word' id='word_1_219' title='bbox 443 2528 550 2608; x_wconf 82' lang='lat' dir='ltr'>triplex</span> <span class='ocrx_word' id='word_1_220' title='bbox 570 2529 634 2589; x_wconf 89' lang='lat' dir='ltr'>est.</span> <span class='ocrx_word' id='word_1_221' title='bbox 654 2528 746 2604; x_wconf 85' lang='lat' dir='ltr'>Una,</span> <span class='ocrx_word' id='word_1_222' title='bbox 766 2548 832 2589; x_wconf 90' lang='lat' dir='ltr'>cum</span> <span class='ocrx_word' id='word_1_223' title='bbox 853 2527 959 2590; x_wconf 90' lang='lat' dir='ltr'>dicitur</span> <span class='ocrx_word' id='word_1_224' title='bbox 981 2543 1081 2601; x_wconf 90' lang='lat' dir='ltr'>retro,</span> <span class='ocrx_word' id='word_1_225' title='bbox 1104 2527 1234 2608; x_wconf 82' lang='lat' dir='ltr'>aequasi</span> 
     </span>
     <span class='ocr_line' id='line_1_29' title="bbox 292 2600 1235 2697; baseline 0.005 -31"><span class='ocrx_word' id='word_1_226' title='bbox 292 2600 386 2668; x_wconf 79' lang='lat' dir='ltr'>sursum</span> <span class='ocrx_word' id='word_1_227' title='bbox 406 2606 507 2670; x_wconf 83' lang='lat' dir='ltr'>versus</span> <span class='ocrx_word' id='word_1_228' title='bbox 525 2608 630 2697; x_wconf 85' lang='lat' dir='ltr'>idem,</span> <span class='ocrx_word' id='word_1_229' title='bbox 649 2607 728 2697; x_wconf 89' lang='lat' dir='ltr'>quod</span> <span class='ocrx_word' id='word_1_230' title='bbox 751 2605 857 2669; x_wconf 73' lang='lat' dir='ltr'>diredie</span> <span class='ocrx_word' id='word_1_231' title='bbox 877 2607 988 2669; x_wconf 71' lang='lat' dir='ltr'>diiium</span> <span class='ocrx_word' id='word_1_232' title='bbox 1010 2606 1087 2688; x_wconf 91' lang='lat' dir='ltr'>prius</span> <span class='ocrx_word' id='word_1_233' title='bbox 1109 2603 1235 2670; x_wconf 84' lang='lat' dir='ltr'>offende-</span> 
     </span>
    </p>
   </div>
   <div class='ocr_carea' id='block_1_5' title="bbox 236 2681 1235 2764">
    <p class='ocr_par' dir='ltr' id='par_1_7' title="bbox 236 2681 1235 2764">
     <span class='ocr_line' id='line_1_30' title="bbox 236 2681 1235 2764; baseline 0.01 -24"><span class='ocrx_word' id='word_1_234' title='bbox 236 2703 238 2760; x_wconf 76' lang='lat' dir='ltr'>j</span> <span class='ocrx_word' id='word_1_235' title='bbox 292 2681 320 2744; x_wconf 89' lang='lat' dir='ltr'>ris</span> <span class='ocrx_word' id='word_1_236' title='bbox 327 2708 334 2757; x_wconf 83' lang='lat'>3</span> <span class='ocrx_word' id='word_1_237' title='bbox 353 2686 463 2761; x_wconf 88' lang='lat' dir='ltr'>altera,</span> <span class='ocrx_word' id='word_1_238' title='bbox 484 2708 552 2748; x_wconf 93' lang='lat' dir='ltr'>cum</span> <span class='ocrx_word' id='word_1_239' title='bbox 573 2688 720 2759; x_wconf 78' lang='lat' dir='ltr'>intercise3</span> <span class='ocrx_word' id='word_1_240' title='bbox 742 2688 851 2764; x_wconf 84' lang='lat' dir='ltr'>tertia,-</span> <span class='ocrx_word' id='word_1_241' title='bbox 867 2709 935 2751; x_wconf 93' lang='lat' dir='ltr'>cum</span> <span class='ocrx_word' id='word_1_242' title='bbox 951 2686 1040 2750; x_wconf 82' lang='lat' dir='ltr'>verba</span> <span class='ocrx_word' id='word_1_243' title='bbox 1055 2686 1181 2761; x_wconf 90' lang='lat' dir='ltr'>omnia,</span> <span class='ocrx_word' id='word_1_244' title='bbox 1201 2687 1235 2750; x_wconf 81' lang='grc' dir='ltr'>δι</span> 
     </span>
    </p>
   </div>
   <div class='ocr_carea' id='block_1_6' title="bbox 235 2762 1241 2857">
    <p class='ocr_par' dir='ltr' id='par_1_8' title="bbox 235 2762 1241 2857">
     <span class='ocr_line' id='line_1_31' title="bbox 235 2762 1241 2857; baseline 0 -27"><span class='ocrx_word' id='word_1_245' title='bbox 235 2825 237 2830; x_wconf 93' lang='grc'>.</span> <span class='ocrx_word' id='word_1_246' title='bbox 290 2764 340 2827; x_wconf 83' lang='lat' dir='ltr'>cola</span> <span class='ocrx_word' id='word_1_247' title='bbox 361 2765 422 2857; x_wconf 87' lang='lat' dir='ltr'>ipsa</span> <span class='ocrx_word' id='word_1_248' title='bbox 443 2784 496 2828; x_wconf 93' lang='lat' dir='ltr'>tuo</span> <span class='ocrx_word' id='word_1_249' title='bbox 516 2767 657 2829; x_wconf 88' lang='lat' dir='ltr'>arbitratu</span> <span class='ocrx_word' id='word_1_250' title='bbox 678 2762 900 2848; x_wconf 87' lang='lat' dir='ltr'>permiscentur.</span> <span class='ocrx_word' id='word_1_251' title='bbox 918 2768 997 2830; x_wconf 89' lang='lat' dir='ltr'>Cum</span> <span class='ocrx_word' id='word_1_252' title='bbox 1020 2783 1101 2829; x_wconf 83' lang='lat' dir='ltr'>retro</span> <span class='ocrx_word' id='word_1_253' title='bbox 1116 2765 1241 2845; x_wconf 79' lang='lat' dir='ltr'>ordine,</span> 
     </span>
    </p>
   </div>
   <div class='ocr_carea' id='block_1_7' title="bbox 291 2845 1237 2927">
    <p class='ocr_par' dir='ltr' id='par_1_9' title="bbox 291 2845 1237 2927">
     <span class='ocr_line' id='line_1_32' title="bbox 291 2845 1237 2927; baseline 0.002 -21"><span class='ocrx_word' id='word_1_254' title='bbox 291 2859 316 2906; x_wconf 81' lang='lat' dir='ltr'>ut</span> <span class='ocrx_word' id='word_1_255' title='bbox 332 2845 351 2906; x_wconf 84' lang='lat' dir='ltr'>fi</span> <span class='ocrx_word' id='word_1_256' title='bbox 370 2845 400 2907; x_wconf 86' lang='lat' dir='ltr'>td</span> <span class='ocrx_word' id='word_1_257' title='bbox 422 2847 554 2907; x_wconf 90' lang='lat' dir='ltr'>Terentii</span> <span class='ocrx_word' id='word_1_258' title='bbox 572 2891 584 2920; x_wconf 82' lang='lat'>,.</span> <span class='ocrx_word' id='word_1_259' title='bbox 611 2847 735 2909; x_wconf 79' lang='lat' dir='ltr'>salvum</span> <span class='ocrx_word' id='word_1_260' title='bbox 752 2868 784 2908; x_wconf 85' lang='lat' dir='ltr'>te</span> <span class='ocrx_word' id='word_1_261' title='bbox 802 2850 960 2925; x_wconf 83' lang='lat' dir='ltr'>advenire,</span> <span class='ocrx_word' id='word_1_262' title='bbox 981 2853 1112 2923; x_wconf 87' lang='lat' dir='ltr'>Demea,</span> <span class='ocrx_word' id='word_1_263' title='bbox 1130 2849 1237 2927; x_wconf 83' lang='lat' dir='ltr'>gauda-</span> 
     </span>
    </p>
   </div>
   <div class='ocr_carea' id='block_1_8' title="bbox 232 2924 1240 3007">
    <p class='ocr_par' dir='ltr' id='par_1_10' title="bbox 232 2924 1240 3007">
     <span class='ocr_line' id='line_1_33' title="bbox 232 2924 1240 3007; baseline -0.004 -17"><span class='ocrx_word' id='word_1_264' title='bbox 232 2967 237 2990; x_wconf 61' lang='lat'>¹.</span> <span class='ocrx_word' id='word_1_265' title='bbox 290 2942 358 3000; x_wconf 80' lang='lat' dir='ltr'>mus,</span> <span class='ocrx_word' id='word_1_266' title='bbox 375 2925 524 3007; x_wconf 85' lang='lat' dir='ltr'>quispiam</span> <span class='ocrx_word' id='word_1_267' title='bbox 544 2926 581 2987; x_wconf 88' lang='lat' dir='ltr'>slc</span> <span class='ocrx_word' id='word_1_268' title='bbox 600 2924 691 2989; x_wconf 66' lang='lat' dir='ltr'>iaciat</span> <span class='ocrx_word' id='word_1_269' title='bbox 710 2928 851 2992; x_wconf 89' lang='lat' dir='ltr'>mutando</span> <span class='ocrx_word' id='word_1_270' title='bbox 873 2951 881 2989; x_wconf 74' lang='grc' dir='ltr'><strong><em>ε</em></strong></span> <span class='ocrx_word' id='word_1_271' title='bbox 912 2930 1088 3001; x_wconf 83' lang='lat' dir='ltr'>Gaudemus,</span> <span class='ocrx_word' id='word_1_272' title='bbox 1104 2929 1209 2986; x_wconf 86' lang='lat' dir='ltr'>Demea</span> <span class='ocrx_word' id='word_1_273' title='bbox 1223 2970 1240 3003; x_wconf 81' lang='lat'>‚</span> 
     </span>
    </p>
   </div>
   <div class='ocr_carea' id='block_1_9' title="bbox 282 3003 1246 3940">
    <p class='ocr_par' dir='ltr' id='par_1_11' title="bbox 282 3003 1246 3940">
     <span class='ocr_line' id='line_1_34' title="bbox 289 3003 1235 3086; baseline 0.001 -24"><span class='ocrx_word' id='word_1_274' title='bbox 289 3003 414 3065; x_wconf 81' lang='lat' dir='ltr'>advenire</span> <span class='ocrx_word' id='word_1_275' title='bbox 440 3006 596 3082; x_wconf 82' lang='lat' dir='ltr'>tasalvum</span> <span class='ocrx_word' id='word_1_276' title='bbox 612 3050 623 3065; x_wconf 88' lang='lat'>.</span> <span class='ocrx_word' id='word_1_277' title='bbox 652 3007 730 3069; x_wconf 83' lang='lat' dir='ltr'>Item</span> <span class='ocrx_word' id='word_1_278' title='bbox 755 3008 856 3069; x_wconf 84' lang='lat' dir='ltr'>illud:</span> <span class='ocrx_word' id='word_1_279' title='bbox 882 3010 1046 3086; x_wconf 80' lang='lat' dir='ltr'>Numquam</span> <span class='ocrx_word' id='word_1_280' title='bbox 1060 3028 1114 3065; x_wconf 88' lang='lat' dir='ltr'>rem</span> <span class='ocrx_word' id='word_1_281' title='bbox 1124 3008 1235 3081; x_wconf 76' lang='lat' dir='ltr'>fhcies:</span> 
     </span>
     <span class='ocr_line' id='line_1_35' title="bbox 288 3080 1237 3164; baseline 0.004 -24"><span class='ocrx_word' id='word_1_282' title='bbox 288 3080 349 3160; x_wconf 84' lang='lat' dir='ltr'>abi,</span> <span class='ocrx_word' id='word_1_283' title='bbox 379 3083 466 3162; x_wconf 87' lang='lat' dir='ltr'>nescis</span> <span class='ocrx_word' id='word_1_284' title='bbox 486 3086 605 3164; x_wconf 80' lang='lat' dir='ltr'>inescare</span> <span class='ocrx_word' id='word_1_285' title='bbox 622 3084 769 3162; x_wconf 76' lang='lat' dir='ltr'>homines,</span> <span class='ocrx_word' id='word_1_286' title='bbox 795 3088 923 3146; x_wconf 82' lang='lat' dir='ltr'>Sannio:</span> <span class='ocrx_word' id='word_1_287' title='bbox 952 3086 972 3144; x_wconf 83' lang='lat' dir='ltr'>si</span> <span class='ocrx_word' id='word_1_288' title='bbox 994 3085 1031 3145; x_wconf 88' lang='lat' dir='ltr'>fic</span> <span class='ocrx_word' id='word_1_289' title='bbox 1059 3083 1132 3143; x_wconf 87' lang='lat' dir='ltr'>item</span> <span class='ocrx_word' id='word_1_290' title='bbox 1155 3104 1237 3145; x_wconf 89' lang='lat' dir='ltr'>com·</span> 
     </span>
     <span class='ocr_line' id='line_1_36' title="bbox 287 3160 1238 3246; baseline 0.003 -25"><span class='ocrx_word' id='word_1_291' title='bbox 287 3179 408 3226; x_wconf 85' lang='lat' dir='ltr'>mutetur</span> <span class='ocrx_word' id='word_1_292' title='bbox 430 3186 439 3236; x_wconf 90' lang='lat'>;</span> <span class='ocrx_word' id='word_1_293' title='bbox 466 3167 571 3225; x_wconf 82' lang='lat' dir='ltr'>Sannio</span> <span class='ocrx_word' id='word_1_294' title='bbox 597 3163 714 3225; x_wconf 87' lang='lat' dir='ltr'>homines</span> <span class='ocrx_word' id='word_1_295' title='bbox 742 3167 858 3243; x_wconf 86' lang='lat' dir='ltr'>inescare</span> <span class='ocrx_word' id='word_1_296' title='bbox 887 3164 972 3241; x_wconf 87' lang='lat' dir='ltr'>nescis</span> <span class='ocrx_word' id='word_1_297' title='bbox 996 3208 1007 3238; x_wconf 85' lang='lat'>,</span> <span class='ocrx_word' id='word_1_298' title='bbox 1034 3160 1082 3223; x_wconf 83' lang='lat' dir='ltr'>abi</span> <span class='ocrx_word' id='word_1_299' title='bbox 1103 3207 1112 3237; x_wconf 88' lang='lat'>‚</span> <span class='ocrx_word' id='word_1_300' title='bbox 1147 3166 1238 3246; x_wconf 72' lang='lat' dir='ltr'>facita</span> 
     </span>
     <span class='ocr_line' id='line_1_37' title="bbox 287 3242 1237 3327; baseline 0.002 -25"><span class='ocrx_word' id='word_1_301' title='bbox 287 3262 331 3302; x_wconf 82' lang='lat' dir='ltr'>ran</span> <span class='ocrx_word' id='word_1_302' title='bbox 360 3266 539 3324; x_wconf 82' lang='lat' dir='ltr'>numquam:</span> <span class='ocrx_word' id='word_1_303' title='bbox 569 3246 816 3327; x_wconf 87' lang='lat' dir='ltr'>quemadmodum</span> <span class='ocrx_word' id='word_1_304' title='bbox 840 3244 891 3323; x_wconf 83' lang='lat' dir='ltr'>ipsi</span> <span class='ocrx_word' id='word_1_305' title='bbox 917 3242 1003 3324; x_wconf 83' lang='lat' dir='ltr'>paulo</span> <span class='ocrx_word' id='word_1_306' title='bbox 1033 3242 1163 3326; x_wconf 89' lang='lat' dir='ltr'>superius.</span> <span class='ocrx_word' id='word_1_307' title='bbox 1187 3243 1237 3306; x_wconf 88' lang='lat' dir='ltr'>de·</span> 
     </span>
     <span class='ocr_line' id='line_1_38' title="bbox 285 3318 1234 3407; baseline 0.003 -26"><span class='ocrx_word' id='word_1_308' title='bbox 285 3318 341 3383; x_wconf 85' lang='lat' dir='ltr'>dita</span> <span class='ocrx_word' id='word_1_309' title='bbox 365 3320 488 3386; x_wconf 82' lang='lat' dir='ltr'>fecimus</span> <span class='ocrx_word' id='word_1_310' title='bbox 518 3345 634 3406; x_wconf 89' lang='lat' dir='ltr'>opera,</span> <span class='ocrx_word' id='word_1_311' title='bbox 660 3325 711 3407; x_wconf 90' lang='lat' dir='ltr'>qui</span> <span class='ocrx_word' id='word_1_312' title='bbox 740 3326 773 3385; x_wconf 91' lang='lat' dir='ltr'>in</span> <span class='ocrx_word' id='word_1_313' title='bbox 804 3325 857 3384; x_wconf 87' lang='lat' dir='ltr'>hac</span> <span class='ocrx_word' id='word_1_314' title='bbox 884 3323 1117 3400; x_wconf 82' lang='lat' dir='ltr'>commuratione</span> <span class='ocrx_word' id='word_1_315' title='bbox 1142 3322 1234 3386; x_wconf 84' lang='lat' dir='ltr'>distri-</span> 
     </span>
     <span class='ocr_line' id='line_1_39' title="bbox 285 3396 1246 3489; baseline 0.004 -29"><span class='ocrx_word' id='word_1_316' title='bbox 285 3396 390 3489; x_wconf 86' lang='lat' dir='ltr'>buenda</span> <span class='ocrx_word' id='word_1_317' title='bbox 411 3423 447 3465; x_wconf 87' lang='lat' dir='ltr'>ex</span> <span class='ocrx_word' id='word_1_318' title='bbox 466 3404 527 3484; x_wconf 89' lang='lat' dir='ltr'>ipso</span> <span class='ocrx_word' id='word_1_319' title='bbox 549 3405 687 3467; x_wconf 87' lang='lat' dir='ltr'>Cicerone</span> <span class='ocrx_word' id='word_1_320' title='bbox 704 3403 801 3466; x_wconf 88' lang='lat' dir='ltr'>locum</span> <span class='ocrx_word' id='word_1_321' title='bbox 824 3423 911 3486; x_wconf 89' lang='lat' dir='ltr'>poene</span> <span class='ocrx_word' id='word_1_322' title='bbox 925 3400 1072 3485; x_wconf 87' lang='lat' dir='ltr'>integrum</span> <span class='ocrx_word' id='word_1_323' title='bbox 1093 3420 1170 3467; x_wconf 87' lang='lat' dir='ltr'>retro</span> <span class='ocrx_word' id='word_1_324' title='bbox 1190 3426 1246 3486; x_wconf 64' lang='lat' dir='ltr'>or3,</span> 
     </span>
     <span class='ocr_line' id='line_1_40' title="bbox 285 3477 1236 3565; baseline 0.006 -25"><span class='ocrx_word' id='word_1_325' title='bbox 285 3478 343 3542; x_wconf 90' lang='lat' dir='ltr'>drne</span> <span class='ocrx_word' id='word_1_326' title='bbox 364 3503 415 3563; x_wconf 88' lang='lat' dir='ltr'>per</span> <span class='ocrx_word' id='word_1_327' title='bbox 436 3483 549 3565; x_wconf 77' lang='lat' dir='ltr'>singula</span> <span class='ocrx_word' id='word_1_328' title='bbox 580 3484 670 3564; x_wconf 76' lang='lat' dir='ltr'>uerba</span> <span class='ocrx_word' id='word_1_329' title='bbox 688 3483 817 3546; x_wconf 90' lang='lat' dir='ltr'>remenso</span> <span class='ocrx_word' id='word_1_330' title='bbox 846 3483 1067 3546; x_wconf 85' lang='lat' dir='ltr'>transtulimus.</span> <span class='ocrx_word' id='word_1_331' title='bbox 1097 3477 1236 3565; x_wconf 84' lang='lat' dir='ltr'>intercise</span> 
     </span>
     <span class='ocr_line' id='line_1_41' title="bbox 283 3562 1238 3653; baseline -0.005 -27"><span class='ocrx_word' id='word_1_332' title='bbox 283 3575 376 3626; x_wconf 63' lang='lat' dir='ltr'>eutem</span> <span class='ocrx_word' id='word_1_333' title='bbox 395 3580 561 3653; x_wconf 86' lang='lat' dir='ltr'>permutare</span> <span class='ocrx_word' id='word_1_334' title='bbox 581 3580 644 3627; x_wconf 93' lang='lat' dir='ltr'>tum</span> <span class='ocrx_word' id='word_1_335' title='bbox 666 3563 822 3645; x_wconf 74' lang='lat' dir='ltr'>intelligo,</span> <span class='ocrx_word' id='word_1_336' title='bbox 842 3584 909 3627; x_wconf 92' lang='lat' dir='ltr'>cum</span> <span class='ocrx_word' id='word_1_337' title='bbox 930 3563 1063 3644; x_wconf 88' lang='lat' dir='ltr'>periodus</span> <span class='ocrx_word' id='word_1_338' title='bbox 1077 3562 1238 3637; x_wconf 84' lang='lat' dir='ltr'>inciditur,</span> 
     </span>
     <span class='ocr_line' id='line_1_42' title="bbox 284 3642 1237 3725; baseline 0.001 -22"><span class='ocrx_word' id='word_1_339' title='bbox 284 3657 313 3725; x_wconf 63' lang='lat' dir='ltr'>{tc</span> <span class='ocrx_word' id='word_1_340' title='bbox 331 3659 429 3704; x_wconf 83' lang='lat' dir='ltr'>oratio</span> <span class='ocrx_word' id='word_1_341' title='bbox 445 3664 496 3723; x_wconf 91' lang='lat' dir='ltr'>per</span> <span class='ocrx_word' id='word_1_342' title='bbox 511 3644 601 3705; x_wconf 89' lang='lat' dir='ltr'>colai</span> <span class='ocrx_word' id='word_1_343' title='bbox 624 3644 653 3705; x_wconf 86' lang='lat' dir='ltr'>sa</span> <span class='ocrx_word' id='word_1_344' title='bbox 668 3645 700 3706; x_wconf 90' lang='lat' dir='ltr'>in</span> <span class='ocrx_word' id='word_1_345' title='bbox 709 3644 840 3706; x_wconf 86' lang='lat' dir='ltr'>ordinem</span> <span class='ocrx_word' id='word_1_346' title='bbox 866 3645 958 3706; x_wconf 87' lang='lat' dir='ltr'>alium</span> <span class='ocrx_word' id='word_1_347' title='bbox 979 3642 1179 3721; x_wconf 86' lang='lat' dir='ltr'>componitur,</span> <span class='ocrx_word' id='word_1_348' title='bbox 1201 3661 1237 3704; x_wconf 81' lang='lat' dir='ltr'>ac</span> 
     </span>
     <span class='ocr_line' id='line_1_43' title="bbox 285 3665 1238 3805; baseline -0.001 -25"><span class='ocrx_word' id='word_1_349' title='bbox 285 3717 336 3796; x_wconf 75' lang='lat' dir='ltr'>ipse</span> <span class='ocrx_word' id='word_1_350' title='bbox 356 3722 503 3799; x_wconf 88' lang='lat' dir='ltr'>ambitus,</span> <span class='ocrx_word' id='word_1_351' title='bbox 526 3665 655 3804; x_wconf 71' lang='lat' dir='ltr'>partibus</span> <span class='ocrx_word' id='word_1_352' title='bbox 675 3724 797 3805; x_wconf 84' lang='lat' dir='ltr'>integris</span> <span class='ocrx_word' id='word_1_353' title='bbox 819 3720 1166 3794; x_wconf 75' lang='lat' dir='ltr'>commuratiS,inalium</span> <span class='ocrx_word' id='word_1_354' title='bbox 1187 3740 1238 3780; x_wconf 82' lang='lat' dir='ltr'>or·</span> 
     </span>
     <span class='ocr_line' id='line_1_44' title="bbox 282 3792 1246 3885; baseline 0 -25"><span class='ocrx_word' id='word_1_355' title='bbox 282 3792 370 3879; x_wconf 80' lang='lat' dir='ltr'>bem,</span> <span class='ocrx_word' id='word_1_356' title='bbox 391 3819 481 3885; x_wconf 89' lang='lat' dir='ltr'>atque</span> <span class='ocrx_word' id='word_1_357' title='bbox 501 3804 533 3864; x_wconf 93' lang='lat' dir='ltr'>in</span> <span class='ocrx_word' id='word_1_358' title='bbox 554 3804 697 3884; x_wconf 88' lang='lat' dir='ltr'>quadrum</span> <span class='ocrx_word' id='word_1_359' title='bbox 717 3804 848 3868; x_wconf 86' lang='lat' dir='ltr'>nostrum</span> <span class='ocrx_word' id='word_1_360' title='bbox 867 3801 1038 3869; x_wconf 80' lang='lat' dir='ltr'>concinnius</span> <span class='ocrx_word' id='word_1_361' title='bbox 1061 3798 1202 3882; x_wconf 86' lang='lat' dir='ltr'>digeritur</span> <span class='ocrx_word' id='word_1_362' title='bbox 1224 3821 1246 3874; x_wconf 67' lang='lat'>·‚,</span> 
     </span>
     <span class='ocr_line' id='line_1_45' title="bbox 1157 3892 1192 3940; baseline -0.029 0"><span class='ocrx_word' id='word_1_363' title='bbox 1157 3892 1192 3940; x_wconf 75' lang='lat' dir='ltr'>ut</span> 
     </span>
    </p>
   </div>
   <div class='ocr_carea' id='block_1_10' title="bbox 0 0 1522 4559">
    <p class='ocr_par' dir='ltr' id='par_1_12' title="bbox 0 0 1522 4559">
     <span class='ocr_line' id='line_1_46' title="bbox 0 0 1522 4559; baseline 0 3"><span class='ocrx_word' id='word_1_364' title='bbox 0 0 1522 4559; x_wconf 95' lang='lat' dir='ltr'> </span> 
     </span>
    </p>
   </div>
  </div>
 </body>
</html>
