3034 4559
524 455 584 537 50.
604 454 823 519 BAPTISTAE
838 456 998 520 PIGNAE.
1149 480 1207 541 ²15

282 532 393 615 subiit,
452 538 518 601 avia
537 538 676 620 perpessus
695 536 734 598 est
754 535 936 612 infortunia,
958 554 991 600 ut
1011 536 1104 601 Civili
1125 542 1247 621 produn

284 620 332 679 tia
353 640 422 681 exce
435 620 532 691 leret;
560 635 593 680 ut
621 617 717 698 Regia
736 616 930 699 amplitudine
946 618 1100 689 eluceret3
1129 636 1161 682 ut
1182 622 1246 686 suos

328 701 413 779 pulos
436 699 570 780 praeclare
590 713 705 779 regeret
723 718 732 768 3
758 714 794 758 ut
810 695 951 761 universa
969 696 1142 764 Christiana
1161 702 1246 843 Reaip
1307 758 1310 763 ,

329 797 402 859 opus
423 782 505 855 ellet,
523 779 662 851 consilio,
682 798 774 839 manu
786 798 876 866 ‚ope‚
893 778 1014 919 vitaque
1023 776 1083 859 ipsa
1090 779 1189 859 praesso
1234 817 1247 830 -

280 858 379 919 eliet.
400 858 508 941 Itaque
549 879 600 919 uer
619 859 730 931 adbuc,
748 856 861 918 delictis
878 859 965 918 omni
984 878 1017 919 us
1035 862 1055 920 s
1069 859 1156 936 retis,
1175 861 1249 922 inci·

279 953 351 999 rato
380 939 463 1001 cursu
486 939 527 999 e'
558 937 664 1013 atriae,
693 940 907 1017 parentumque
934 937 999 999 sinu
1024 880 1069 1000 :ad
1083 938 1250 1005 Henricum

282 1016 399 1099 Regem
418 1018 592 1100 optimum,
619 1033 707 1108 atque
730 1016 948 1090 fortiffimum,
972 1015 1091 1099 eiusque
1116 1017 1247 1082 fraterne

277 1114 385 1159 amore
406 1097 634 1159 amantiffimum
654 1119 686 1157 in
705 1097 779 1158 dura
796 1096 914 1158 militiae
932 1094 1100 1162 rudimenta
1117 1115 1249 1180 propera*-
1337 1154 1339 1158 ,

277 1177 354 1237 vit'.
386 1178 486 1239 Postea
507 1198 576 1238 vero
599 1197 687 1257 quam
707 1178 740 1237 in
761 1174 939 1251 Ambianis,
970 1195 1060 1257 quam
1080 1178 1117 1241 ad
1140 1179 1246 1240 Verto-

273 1255 393 1317 dunum
410 1257 571 1331 claruerit,
588 1256 624 1317 ⁴dr
643 1256 765 1317 secunda
782 1256 901 1319 -Galiica
921 1257 1177 1337 peregrinatione,
1200 1278 1250 1319 cu·

278 1335 326 1406 jus
349 1336 481 1417 ponderis
501 1350 546 1396 ne·
578 1337 621 1396 tia
641 1334 832 1410 sustinuerit,
863 1334 894 1395 δι
911 1333 1026 1409 tertia,
1050 1356 1069 1397 e
1089 1357 1148 1418 qua
1166 1358 1246 1402 nunc

277 1413 376 1491 redit,
397 1435 456 1496 quo
472 1436 496 1506 g
549 1436 567 1477 u
586 1415 620 1476 in
637 1415 735 1477 castris
749 1413 784 1475 stt
803 1413 976 1494 infigtritus,
994 1433 1056 1475 uon
1076 1414 1185 1491 refero,
1206 1436 1243 1478 ne

300 1494 414 1556 raesenti
442 1494 570 1575 Principi
597 1494 716 1575 praesens
741 1494 871 1573 proprias
899 1492 1029 1567 laudes,
1057 1514 1244 1578 quamquam

277 1509 394 1663 femper
412 1574 447 1635 δι
467 1572 576 1654 ubique
598 1571 794 1647 extollendus,
813 1572 976 1652 explicem.
995 1572 1053 1633 His
1069 1574 1108 1635 de
1120 1573 1246 1650 caussis,

275 1652 350 1715 Viri
366 1651 529 1728 clarissimi,
545 1654 702 1715 Herculem
715 1651 913 1713 beatissimum
928 1651 1111 1716 iterabimus.
1128 1655 1161 1713 0
1175 1652 1246 1716 bea·

278 1731 423 1794 tiliimum
444 1733 600 1794 Herculem
619 1751 784 1813 numquam
805 1731 1014 1794 interiturum!
1032 1733 1063 1792 0
1082 1729 1198 1797 felicem
1210 1751 1246 1794 e.-

277 1811 324 1883 ius
344 1810 483 1887 obitum,
500 1813 557 1895 qui
574 1833 615 1874 eo
633 1828 767 1892 tempore
786 1831 823 1872 ex
842 1812 896 1872 hac
918 1811 982 1875 vita
1001 1810 1117 1874 decellrt
1129 1856 1154 1887 .,.
1170 1831 1242 1878 tum

272 1890 374 1953 dilium
402 1892 437 1953 ad
467 1892 669 1973 imperandum
698 1907 801 1972 aptum
831 1891 936 1965 videt,
959 1911 1088 1974 cumque
1104 1892 1243 1974 quietum

274 1972 418 2052 Regnum
439 1971 630 2052 quietioribus
647 1970 769 2033 habenis
791 1970 957 2033 moderatus
980 1970 1179 2036 turbulentum
1198 1992 1243 2033 re·

301 2051 382 2111 imen
401 2050 503 2132 -gloriae
528 2051 651 2131 pramio
664 2050 707 2110 est
725 2070 764 2111 ex
786 2066 886 2110 ertus.
914 2048 971 2110 Ubi
1000 2067 1130 2114 mentem
1159 2051 1243 2116 senlit

271 2065 367 2191 {calo
389 2131 503 2210 potius,
520 2146 703 2211 quamterrae
717 2130 750 2189 in
779 2130 967 2210 inari,atque
988 2128 1093 2211 infigi,
1111 2129 1241 2194 senedu·

276 2209 335 2284 tis',
359 2210 603 2290 aegrotationum,
625 2209 656 2270 δι
677 2208 859 2269 miseriarum
880 2206 983 2269 morbo
1002 2209 1123 2284 amilio,
1143 2209 1241 2271 lucra·

273 2306 368 2370 raque
386 2289 499 2369 triplici
517 2288 729 2370 perpetuitate,
747 2287 909 2369 tranquillo
929 2284 1032 2366 spiritu
1046 2286 1116 2352 hinc
1136 2286 1173 2350 ad
1189 2290 1241 2356 Su·

273 2395 275 2400 ·
316 2388 363 2429 ros
380 2369 532 2445 evolavit,
551 2389 629 2431 anno
649 2369 706 2430 boc
725 2367 815 2428 Orbis
835 2365 1050 2447 Regnatoribus
1071 2365 1176 2440 fatali3
1194 2369 1240 2433 vi·

272 2497 274 2502 ,
298 2449 386 2509 elicet
406 2446 560 2525 Pontifici,
581 2447 714 2524 Caesari,
734 2446 813 2528 Regi
833 2444 1095 2523 Christianisfimo,
1114 2448 1238 2529 Reginis

275 2527 515 2603 Pannoniarum,
538 2548 571 2591 ac
591 2527 749 2589 Britanniae
763 2571 775 2601 ,
789 2525 826 2587 dc
845 2527 966 2587 Veneta
986 2526 1072 2607 Reip.
1093 2526 1238 2609 Principi.

270 2609 307 2666 ‘O
328 2607 420 2667 tantis
445 2608 612 2669 muneribus
637 2605 831 2669 beatissimum
847 2606 1035 2668 Herculem.
1063 2606 1108 2668 At
1126 2626 1199 2672 vero
1215 2626 1240 2674 ο

271 2706 330 2747 ¹nos
349 2685 488 2761 miseros,
505 2704 597 2768 atque
610 2685 740 2749 infelices
757 2700 846 2747 tanto
859 2684 1026 2766 splendore,
1046 2701 1133 2749 tanto
1153 2685 1238 2750 Prin·

275 2766 359 2845 cipe,
380 2780 466 2827 >tanto
482 2768 567 2829 Patre
581 2768 713 2829 orbatos.
734 2766 790 2828 Per
805 2765 883 2827 lianc
902 2766 1050 2848 lugentem
1071 2786 1170 2842 aram,
1185 2785 1239 2849 per

273 2842 386 2906 funesta
407 2844 491 2914 hujus
511 2846 571 2925 loci
590 2847 787 2920 indumenta,
815 2865 869 2927 per
890 2861 939 2909 tot
957 2846 1172 2936 lachrymantia
1192 2844 1237 2909 fu·

270 2923 391 2985 nalium
412 2922 527 2983 lumina
545 2945 599 2985 vos
616 2947 671 2987 oro
685 2969 697 2999 ,
713 2941 806 3008 atque
823 2924 960 3000 obsecro,
982 2925 1050 2987 Viri
1067 2925 1235 3001 clarissimi,

273 3017 308 3075 ut
330 3003 442 3064 Ducem
459 3001 592 3063 nostrum
612 3005 645 3064 in
663 3001 840 3064 memoriam
856 3004 1020 3077 revocetis,
1037 3004 1103 3075 ejus
1119 3026 1154 3065 ue
1175 3003 1236 3066 effi·

274 3082 358 3162 giem
374 3081 478 3141 vellris
498 3082 589 3142 oculis
615 3080 815 3153 intueamini3
840 3100 895 3161 per
919 3083 1073 3154 viduatam
1091 3026 1236 3157 domum,

275 3180 328 3240 per
347 3162 474 3222 vestrum
496 3162 574 3221 hunc
590 3159 756 3243 squalorem
770 3179 853 3240 ,iper
873 3160 948 3220 hanc
968 3158 1027 3228 ejus
1044 3159 1188 3241 sepulchri
1210 3162 1235 3221 i·
1286 3205 1289 3210 -

272 3258 306 3299 m
348 3238 425 3300 inem
446 3238 540 3301 rursus
560 3259 613 3301 vos
630 3259 703 3313 oro,
720 3254 814 3321 atque
830 3236 965 3313 obsecro,
984 3254 1020 3300 ut
1042 3258 1131 3321 quam
1145 3239 1233 3301 nobis

275 3259 428 3391 adfabilis,
458 3339 546 3400 quam
566 3317 702 3380 omnibus
719 3316 863 3400 benignus
884 3316 979 3379 noster
996 3318 1066 3379 Dux
1086 3319 1178 3394 esset,
1202 3317 1234 3380 de

272 3415 367 3477 quam
389 3394 498 3458 affiduo
516 3396 634 3472 labore,
654 3413 785 3536 quotque
805 3395 917 3478 vigiliis
938 3417 990 3478 pro
1013 3396 1056 3459 sui
1074 3398 1177 3487 populi
1193 3398 1235 3460 sa·

277 3474 340 3535 lute
360 3474 529 3551 insudaret,
556 3495 656 3539 mente
680 3496 739 3538 :evo
750 3474 829 3538 vatis
848 3497 872 3547 3,
885 3475 1080 3541 suavissimam
1101 3498 1160 3548 eius
1182 3497 1234 3539 vo-

278 3572 360 3627 cem,
374 3573 439 3635 ¹qua
469 3575 614 3639 quemque
633 3556 751 3618 >suorum
776 3554 903 3617 'Civium
929 3556 1110 3619 nominatim
1137 3554 1235 3617 serena

253 3707 257 3720 Ι
279 3628 373 3692 fronte
391 3635 602 3712 compellabat,
624 3655 786 3719 numquam
807 3634 843 3697 de
864 3634 964 3697 animo
979 3633 1134 3718 deponatis
1151 3654 1160 3701 3
1179 3653 1234 3693 ne-

275 3727 334 3788 ·que
354 3711 545 3790 permittatis,
568 3731 699 3778 ‘mortem
717 3714 800 3777 illius
820 3714 890 3776 Viri
917 3713 1042 3776 formam
1064 3732 1098 3774 ac
1116 3709 1234 3773 simula·

275 3787 384 3851 chrum.
401 3792 582 3873 corrupisse,
606 3795 691 3870 cujus
712 3795 858 3936 integgm
879 3792 1018 3859 virtutem
1036 3792 1070 3858 hi
1088 3788 1234 3928 papiens.

863 3893 889 3949 4
1127 3881 1131 3909 ³
1152 3885 1191 3929 aec
