3034 4559
521 352 548 418 L
587 354 605 416 1
640 360 667 417 Β
706 354 732 418 Ε
771 355 799 417 R
861 360 899 418 it
1137 376 1152 422 r

229 434 386 508 conficiant
410 436 562 499 volumina
578 457 587 508 3
608 436 735 517 gloriam
751 436 833 499 suain
853 438 1017 509 adament3
1041 376 1187 521 quaniu'm

228 530 326 577 tamen
353 515 470 597 scriptio
486 518 581 579 valeat
605 516 640 577 ad
658 517 749 591 hanc,
766 537 855 599 qnam
872 518 1042 599 quaerimus,
1068 520 1188 580 summm

226 596 400 676 eloquentia
415 617 434 657 o
472 617 501 657 m
515 595 677 671 serendam,
691 595 750 665 jam
774 597 865 658 iidem
877 598 1030 659 counitum
1045 596 1102 668 est,
1117 618 1186 660 cum

227 674 377 736 Ciceronis
394 676 425 755 ip
446 696 478 737 us
494 675 596 737 divina
616 675 668 736 illa
684 691 729 737 tot
745 616 797 736 siri
820 692 850 737 ta
868 645 962 739 multa
978 675 1079 737 saecula
1092 677 1186 747 jacue-
1225 674 1228 679 ‘

227 756 284 816 rint
300 753 550 835 contemptissima
567 776 576 826 3
592 755 621 817 id
643 776 677 817 ue
694 755 726 815 in
741 776 776 817 ea
791 697 924 818 divitaie
941 800 950 829 ,
967 747 997 816 in
1035 755 1119 817 ua&
1136 776 1187 816 naa

226 850 279 909 ta,
311 834 343 895 ἂ
357 833 443 908 alta,
468 834 499 896 u
524 834 573 895 diii
596 777 719 897 feliciter
740 835 892 897 dominata
916 835 983 897 eilet
1003 776 1185 917 eloquentia.

226 913 355 975 Tametsi
374 913 474 975 multis
492 914 514 975 ii
529 913 622 997 plures
637 913 705 976 sunt
741 914 850 979 artibus
865 960 875 992 ,
891 916 944 1006 qui
959 936 994 977 eo
1013 914 1102 976 modo
1120 913 1187 976 scri·

226 992 299 1054 bunt
315 1038 325 1068 ,
344 1014 406 1074 quo
428 991 552 1055 infantes
570 1038 579 1068 ,
596 1015 656 1077 quo
672 933 782 1058 barbari
799 1039 810 1070 ,
824 1016 886 1078 quo
902 981 1087 1075 ineptissimi.
1104 993 1187 1055 Nam

227 1071 286 1153 [ut
313 1072 531 1154 Philosophus,
555 1094 588 1134 ac
613 1073 745 1135 Medicus
770 1075 935 1157 omittam]
959 1094 1085 1156 quorum
1102 1072 1186 1134 alteri

225 1171 275 1215 aut
293 1150 346 1213 suo
364 1154 488 1227 Marte,
511 1171 599 1234 atque
623 1154 741 1233 ingenio
766 1154 801 1215 de
822 1154 1010 1294 Philosthia
1034 1145 1187 1229 scribunt,

226 1248 275 1294 aut
292 1249 429 1295 veterum
454 1233 620 1295 Graecorum
643 1233 747 1314 scripta
763 1235 870 1296 Latina
894 1235 921 1295 se
952 1254 1032 1295 acere
1046 1233 1188 1295 arbitran-

226 1327 296 1385 uir,
326 1332 396 1373 cum
418 1311 550 1374 insuam
579 1312 712 1393 linguam
733 1334 768 1374 ea
789 1327 961 1375 convertunt
984 1334 993 1383 3
1022 1307 1188 1395 quiquam

224 1390 250 1451 id
272 1391 400 1473 spurce,
428 1408 516 1473 atque
536 1394 734 1454 contaminate
754 1390 888 1469 faciant,
915 1391 990 1451 nihil
1018 1391 1125 1453 attinet
1145 1388 1188 1450 di·

224 1491 302 1533 cere.
324 1472 385 1533 Res
408 1470 486 1532 enirn
509 1470 569 1551 ipsa
588 1470 616 1531 se
635 1472 759 1534 indicat.
783 1472 878 1534 Alteri
893 1491 963 1533 vero
980 1470 1010 1532 in
1031 1468 1087 1531 suis
1103 1468 1188 1551 phar·

224 1551 313 1613 macis
335 1550 516 1625 scribendis,
545 1552 705 1614 autetiam
734 1552 765 1613 iii
786 1547 994 1634 disceptando,
1027 1566 1093 1612 utra
1113 1548 1186 1610 salii·

225 1628 302 1693 brior
325 1632 473 1693 medicina
491 1629 663 1693 adhibeatur
683 1631 847 1713 gravissime
868 1630 1037 1714 agrotanti,
1054 1631 1188 1713 aliquan·¹

222 1709 257 1771 do
280 1711 475 1791 pestilentiori
491 1710 623 1772 oratione
641 1727 764 1784 utuntur
784 1733 897 1795 ,quain
913 1710 1029 1774 morbus
1052 1711 1111 1792 ipse
1128 1707 1188 1789 est,

223 1791 302 1861 cuius
323 1791 469 1854 curationi
492 1789 543 1869 ipsi
565 1789 630 1852 sunt
651 1790 787 1863 adhibiti.
815 1794 860 1855 Ac
880 1812 917 1853 ne
936 1790 1008 1875 quid
1029 1811 1076 1852 eos
1096 1792 1187 1854 etiam

222 1870 396 1951 attingam,
417 1870 468 1952 qui
488 1868 648 1932 Historiam
668 1869 820 1947 scribunt,
841 1873 917 1955 qui,
939 1893 1024 1946 uno,
1044 1886 1095 1933 aut
1116 1872 1187 1934 alte·

222 1969 252 2011 io
273 1966 426 2031 excepto,
447 1950 490 2011 ita
508 1950 540 2010 in
561 1970 595 2011 ea
616 1948 740 2013 infantes
764 1950 853 2028 sunt,
876 1968 909 2014 ut
930 1951 977 2013 vel
992 1971 1064 2031 puer
1078 1952 1186 2030 ,trimus

224 2026 366 2091 infantior
396 2029 448 2090 esse
467 2050 527 2102 non
547 2030 660 2110 posset;
689 2047 723 2092 ut
745 2032 824 2106 hos,
852 2031 998 2114 inquam,
1019 2030 1186 2106 omittam,

225 2128 254 2171 ac
276 2124 398 2171 tantum
426 2108 645 2179 Iurisconsultus
673 2131 929 2187 commemorem,
956 2130 1016 2171 non
1039 2130 1074 2169 ne
1095 2109 1187 2171 conri-

224 2208 282 2251 iiuo
305 2190 412 2250 horum
435 2188 470 2250 de
488 2188 555 2260 lure
575 2188 699 2251 consiliis
718 2233 728 2264 ,
749 2210 810 2250 non
832 2190 857 2250 le
880 2209 930 2249 uin
951 2187 1076 2268 ipsarum
1096 2187 1188 2269 expli·

223 2267 387 2331 cationibus
416 2288 518 2330 omnes
539 2268 726 2330 Bibliotheca
748 2268 814 2329 sunt
836 2211 950 2349 pfenae,
978 2282 1068 2348 atqiie
1087 2259 1192 2347 opple·-

224 2347 276 2410 iae?
298 2348 419 2418 Horum¹
437 2365 512 2410 certe
532 2347 628 2410 multo
668 2348 730 2409 lura
749 2348 841 2423 sunt,
862 2366 952 2429 quam
968 2362 1070 2409 catera
1084 2346 1186 2412 omnia
1273 2368 1277 2372 ·

225 2444 384 2506 ceterarum
403 2423 579 2491 facultatum
606 2368 786 2501 volumina
814 2446 886 2509 quae*
898 2443 960 2504 tam
982 2424 1097 2508 pessime
1118 2425 1185 2488 scri·

241 2524 273 2570 ta
302 2508 396 2583 sunt,
423 2528 513 2590 quam
543 2528 644 2570 eorum
665 2509 742 2581 leyes
769 2507 835 2569 sunt
863 2504 1033 2569 sandislime
1052 2507 1184 2588 perlata.

223 2527 292 2650 boii
313 2588 393 2650 enim
415 2588 437 2649 ii
457 2588 551 2651 solum
572 2590 614 2649 im
637 2590 680 2650 uri
703 2608 760 2650 ime
780 2586 906 2649 scribunt
926 2632 935 2662 ,
954 2581 1002 2649 sed
1022 2587 1121 2671 legum
1142 2601 1188 2649 ete

225 2665 281 2728 iam
312 2666 547 2748 splendidissimis
575 2608 775 2730 voluminibus
798 2668 896 2749 suapte
916 2665 1046 2729 barbarie
1066 2683 1185 2732 tantum

225 2745 381 2822 officiunt,
401 2763 434 2809 ut
455 2767 519 2820 non¹
536 2747 628 2810 solum
649 2769 709 2810 non
728 2748 953 2829 intelligantur,
975 2747 1020 2809 sed
1035 2768 1107 2830 pene
1122 2748 1183 2820 iam

224 2824 281 2907 legi
301 2825 360 2888 sint
378 2824 486 2888 dcsitaei
508 2826 545 2888 In
565 2848 624 2889 uno
643 2847 679 2889 eo
698 2827 782 2890 nobis
801 2828 913 2908 optime
933 2825 1096 2890 consultum
1117 2822 1181 2904 esi,

225 2904 328 2986 quod,
359 2907 412 2995 qui
433 2908 626 2983 testamenta,
655 2908 707 2989 qui
727 2907 836 2988 pasta,
865 2907 917 2987 qui
938 2904 1109 2982 conventa,
1129 2908 1182 2989 qui

224 3002 325 3047 caetera
346 3005 406 3056 eius
446 2987 539 3048 eneris
559 2975 754 3067 stipulantur,
774 3006 899 3069 quorum
920 2984 1006 3059 turba
1025 2986 1183 3063 maxima,

224 3081 309 3146 atque
337 3064 408 3125 ino
441 3067 488 3129 cio
509 3066 559 3129 suo
579 3067 707 3128 maxime
735 3065 868 3148 frequens
890 3064 955 3141 est,
982 3064 1032 3126 sua
1052 3064 1183 3147 scripta,

224 3140 283 3205 suas
310 3142 481 3222 barbaries,
510 3146 573 3208 suos
592 3146 756 3209 contradus
780 3166 839 3207 non
860 3143 949 3207 edunt
970 3190 980 3220 ,
1008 3166 1070 3207 non
1087 3145 1183 3226 publi·

222 3240 314 3300 cant,
345 3244 406 3286 non
435 3223 496 3306 [ut
516 3227 611 3290 caeteri
639 3224 780 3306 faciunt]
810 3226 842 3287 iii
862 3224 995 3287 omnium
1023 3225 1182 3292 hominum

224 3320 324 3365 manus
346 3304 504 3368 emittunt,
523 3306 583 3368 His
602 3307 682 3369 enim
699 3306 781 3383 unis,
799 3305 819 3365 si
840 3299 954 3396 publice
969 3302 1177 3379 describantur,

224 3401 281 3444 non
303 3383 399 3447 solum
419 3384 454 3446 de
475 3386 647 3469 eloquentia
668 3386 749 3448 omni
770 3384 938 3467 dignitate,
967 3385 1012 3448 sed
1032 3386 1067 3449 de
1087 3384 1185 3448 omni·

223 3457 273 3523 bus
293 3464 387 3526 etiam
408 3464 499 3527 literis
520 3466 633 3529 Latinis
655 3465 827 3547 jampridem
843 3466 941 3528 aslum
961 3461 1043 3527 esset.
1064 3464 1124 3544 Qui
1139 3479 1184 3524 et·

225 3538 281 3601 iam
303 3541 353 3624 [si
372 3544 437 3606 Diis
458 3545 577 3628 placet]
599 3546 695 3609 dedita
715 3567 734 3608 o
771 3566 801 3606 ra
822 3566 940 3610 omnem
960 3564 1076 3625 operam
1093 3543 1184 3617 dant,

224 3638 258 3680 ne
277 3622 417 3686 Latinam
437 3644 540 3687 vocem
560 3626 653 3688 ullam
674 3627 706 3687 in
739 3626 784 3688 uis
805 3623 914 3707 scriptis
931 3621 1097 3707 proferant3
1112 3641 1182 3684 con·

225 3711 268 3762 tra
289 3704 392 3767 onmia
410 3703 531 3793 barbara
545 3750 557 3784 ,
569 3705 751 3791 inquinata,
774 3703 929 3770 immunda
954 3703 1066 3771 summa
1084 3701 1118 3845 de
1135 3701 1180 3764 in·

1111 3801 1161 3849 ΠΨ(
