3034 4559
529 447 556 515 L
594 457 611 515 1
643 456 682 515 ‘B'
713 455 740 514 Ε
779 457 807 515 R
865 452 887 514 l.
1111 475 1145 518 ι’

223 531 281 602 ⁸st
302 526 464 598 affirmant.
495 536 592 609 Quare
612 534 704 596 etiam
734 534 770 595 ad
792 533 877 597 suani·
904 531 932 595 se
954 534 1075 617 quisque
1094 503 1193 620 migis

223 629 365 676 namnam
393 612 541 694 propriam
572 612 706 675 imitandi
736 615 861 675 studium
883 634 969 675 omne
991 632 1025 676 ut
1046 633 1190 692 revocet,

223 709 316 776 atque
347 692 427 755 inse
447 713 507 755 uno
528 708 623 756 totam
643 693 751 767 illam,
780 714 868 775 quam
892 693 928 754 ad
950 694 1067 755 alterius
1098 695 1191 776 exprii

225 773 327 836 mendi
347 772 509 853 imaginem
530 772 691 848 adhibeat,
710 773 882 853 diligentem
905 775 1046 835 rationem
1070 790 1101 834 ut
1121 795 1191 836 cond

221 851 352 928 stimat,
372 852 595 933 preripiendum
611 855 664 914 esse
679 853 824 916 statuunt.
846 856 967 914 Natura
988 870 1085 914 autem
1106 874 1189 933 repu-

221 952 334 1013 gnare,
355 948 445 1013 atque
465 951 530 993 eam
551 933 582 994 in
611 935 789 994 contrarium
809 931 949 1008 sleiiete,
979 950 1039 994 tam
1060 933 1110 994 esst
1133 936 1188 994 im·

221 1011 310 1153 {ium
326 1009 523 1087 ,'clamitant,
552 1032 642 1101 quain
671 1012 691 1074 si
721 1033 801 1074 more
830 1014 997 1093 Gigantum
1025 1032 1091 1073 curn
1119 1013 1187 1084 Diia

176 1128 180 1136 -
261 1091 337 1152 llum
379 1108 490 1152 eratur.
510 1090 602 1162 Cuius
621 1108 732 1174 quanta
751 1092 797 1153 vis
817 1092 852 1154 sit
872 1136 881 1167 ,
903 1091 1002 1167 nihil,
1023 1091 1187 1174 inquiunt,

221 1170 333 1234 attinet
378 1169 524 1251 'sputare3
545 1190 611 1232 curn
632 1171 717 1251 plane
733 1170 855 1246 sciatur,
872 1171 892 1231 fi
914 1172 965 1251 qui
986 1173 1115 1232 maximo
1129 1171 1187 1233 slu-

221 1249 277 1311 dio
295 1247 334 1312 ab
352 1270 388 1311 ea
414 1250 463 1312 vel
484 1250 646 1331 longissime
668 1251 826 1333 aliquando
848 1250 985 1312 abdusios
1007 1251 1065 1323 sit,
1095 1268 1186 1333 atque

220 1345 283 1410 per·
295 1329 425 1396 multum
446 1331 584 1410 temporis
605 1331 733 1409 spatium·
752 1332 784 1389 in
804 1330 901 1391 alieno
920 1329 1129 1409 permanserit,
1151 1347 1186 1393 ut

222 1409 400 1489 eiprimum
421 1409 458 1469 ad
479 1429 545 1471 eam
566 1409 726 1471 recurrendi
746 1407 867 1469 facultas
889 1408 988 1469 oblata
1007 1409 1066 1482 sit,
1099 1410 1185 1471 illum

221 1508 288 1549 eam
308 1504 372 1549 tam
392 1487 476 1550 auide
497 1489 621 1569 arripere
642 1532 651 1565 ‚
672 1480 762 1570 quain
782 1487 861 1569 quod
882 1485 1057 1554 avidissime.
1078 1488 1158 1550 Nam
1173 1519 1192 1564 ,ι

222 1583 257 1630 ut
285 1567 386 1647 inquit
406 1566 576 1630 Horatius:
676 1611 678 1617 -
1061 1613 1064 1619 ,

261 1669 265 1676 ·
303 1650 444 1711 Naturam
465 1648 587 1727 expellas
602 1650 686 1727 furca
706 1692 715 1723 ‚
734 1665 825 1707 tanton
845 1648 887 1725 us
897 1669 932 1708 ue
949 1663 1078 1709 recurreti
1188 1707 1192 1716 .

221 1727 311 1801 Qum
334 1745 405 1788 vero
427 1725 531 1789 Cicero
550 1727 581 1789 ἃ
602 1728 743 1790 casarem
767 1730 801 1789 L.
824 1728 856 1787 F.
930 1726 972 1788 C.·
985 1726 1108 1788 Cottam
1123 1746 1192 1790 non-

221 1825 400 1888 magnopete
428 1806 611 1868 commendet
632 1850 642 1881 ,
691 1808 722 1869 ui
743 1808 793 1869 suo
814 1809 929 1889 utrique
948 1806 1068 1867 dicendi.
1081 1826 1192 1883 genere.

220 1884 358 1948 detestati
379 1884 508 1947 alienum
530 1827 724 1968 contempsere
748 1909 757 1959 3
785 1907 852 1948 cum
872 1906 965 1969 neque
987 1886 1065 1948 item,
1079 1885 1196 1958 Curio-2

220 1985 291 2028 nem
310 1963 457 2045 improbet
478 1966 630 2041 maxime,
651 1967 702 2048 qui
723 1986 901 2049 quemquam
929 1986 988 2026 non
1009 1985 1192 2054 magnopere¹

218 2044 360 2108 studuerit
380 2044 506 2108 imitati.
535 2044 647 2120 Quibus
670 2046 726 2107 suis
748 2046 909 2108 rationibus
937 2043 1007 2126 quid
1028 2046 1154 2106 elliciant
1170 2073 1194 2119 ,i

222 2144 259 2186 ac
279 2124 371 2187 etiam
388 2124 425 2186 ad
440 2144 541 2187 eorum
549 2125 765 2200 imitationem,
784 2124 945 2215 [quoniam
967 2124 1065 2194 ineius
1083 2144 1186 2203 prace-

222 2203 280 2285 pris
296 2202 465 2283 versamur]
480 2205 510 2266 id
527 2225 616 2286 quani
633 2204 806 2285 paucissimis
820 2205 884 2265 sieri
902 2203 1001 2283 possit,
1019 2203 1185 2266 videamus.

223 2284 293 2359 Ac,
324 2282 405 2365 quod
425 2284 462 2344 ad
482 2284 635 2346 viilotiam
656 2284 761 2345 attinet
783 2321 793 2357 ,
820 2303 910 2363 quarn
939 2281 1049 2341 nullam
1071 2301 1109 2341 eii
1126 2282 1194 2352 hoc:

222 2362 360 2433 imitandi
381 2362 473 2428 studio
495 2364 635 2443 reportari
662 2364 736 2443 polle
756 2362 961 2433 contendunt,
990 2359 1130 2421 continuo
1149 2360 1196 2430 iu,-

224 2442 282 2504 islis
300 2442 405 2504 demus
427 2461 434 2501 :
453 2441 542 2524 .quod
565 2458 663 2502 tamen
703 2440 770 2501 aulo
798 2439 916 2501 inferius
937 2436 1013 2500 secus
1032 2437 1157 2498 accidere
1171 2481 1193 2514 ,-

224 2537 260 2584 ut
276 2522 328 2602 ipfi
350 2529 469 2603 quoque
488 2521 571 2583 nobis
587 2461 764 2593 conceiant,
779 2517 862 2580 facile
878 2518 1099 2580 convincemus.
1119 2517 1194 2593 Sit,.

225 2599 346 2682 inquam
364 2644 374 2675 ,
395 2601 463 2677 ita,
484 2617 542 2676 ut,
563 2601 614 2741 cpui
636 2600 793 2673 imitetur,
814 2620 848 2660 eo
868 2598 1001 2678 semper,
1034 2617 1123 2681 quem
1143 2598 1192 2666 se·,·

224 2697 353 2761 quatur,
378 2679 464 2762 longe
486 2681 519 2741 sit
540 2681 684 2752 ineriot;
705 2699 865 2761 numquam
883 2698 950 2740 eum
972 2694 1081 2759 aequet3
1097 2698 1184 2744 nutnff
1231 2715 1237 2737 .

226 2778 313 2839 quam
335 2757 447 2849 superet
465 2781 474 2831 ;
494 2777 570 2822 certe
590 2760 641 2840 ipsi
662 2759 736 2820 mihi
758 2760 812 2820 hoc
831 2759 925 2832 dent,
943 2757 1048 2818 necesle
1068 2756 1126 2828 esi3
1147 2774 1192 2820 ut·

224 2837 298 2902 inter
319 2839 346 2899 se
368 2840 419 2918 ipsi
439 2859 555 2922 quoque
583 2840 744 2908 imitatores
776 2838 856 2902 litam
885 2837 999 2898 laudem
1025 2835 1149 2899 habeant
1172 2881 1192 2914 ‚.

264 2938 337 2993 ain,
359 2919 412 2999 qui
430 2937 546 2982 cateros
567 2918 689 2980 anteibit
704 2919 907 3001 „assequatum
929 2918 995 2977 Fiet
1015 2918 1093 2976 enirn
1109 2936 1181 2998 qua-

266 3018 333 3071 cum
353 2999 406 3079 qui
428 2998 561 3059 incursu
583 2998 784 3071 contendunt,
815 2998 846 3058 in
867 3016 1012 3076 quocum
1036 2996 1100 3073 plus
1121 3015 1182 3058 uno

170 3076 171 3080 ’
228 3076 337 3154 primus
368 3076 419 3138 elle
440 3098 501 3139 non
529 3076 642 3157 possit,
692 3077 721 3138 ui
743 3094 842 3137 tamen
872 3075 1004 3155 aprimo
1026 3074 1181 3154 reliqum,

226 3172 275 3216 aut
295 3156 349 3238 qui
370 3155 470 3218 saltem
491 3156 604 3238 aliquos
627 3098 690 3237 poli
710 3156 738 3216 se
761 3154 935 3235 reliquerit,
952 3173 1009 3227 ea,
1032 3172 1091 3233 qua
1114 3153 1194 3233 pot·'

227 3234 295 3310 est,
315 3235 415 3317 gloria
437 3251 518 3317 parte
545 3251 696 3298 contentus
724 3233 865 3296 discedat.
896 3234 975 3294 Nam
1003 3249 1114 3313 quanto
1135 3234 1195 3298 isti„

224 3311 337 3456 lonpius
360 3314 538 3378 imitatorem
558 3315 633 3377 mihi
641 3314 808 3396 relinquunt
829 3311 866 3374 ab
881 3332 1028 3395 eo,quem
1049 3311 1098 3373 fibi
1115 3334 1181 3393 pto·

225 3410 261 3472 po
274 3410 380 3456 uerunt
401 3395 438 3456 ad
459 3395 658 3468 imitandum,
680 3410 763 3455 tanto
783 3393 858 3454 milii
878 3394 910 3453 in
932 3412 967 3455 eo
983 3394 1076 3473 spatio
1096 3413 1191 3456 occu·.

225 3474 318 3551 pando
335 3519 344 3550 ‚
363 3494 399 3535 ac
418 3475 536 3555 propius
556 3476 593 3535 ad
614 3493 715 3536 verum
732 3472 916 3547 accedendo,
939 3473 1032 3543 major
1046 3493 1113 3534 cum
1128 3492 1181 3554 eae·

223 3552 289 3618 tatis
309 3553 507 3618 imitatoribus
528 3554 623 3635 gioria
643 3553 800 3614 ostentatur
807 3573 816 3625 3
831 3571 864 3614 ut
886 3552 923 3627 fi,
966 3573 1031 3613 uem
1052 3553 1179 3632 primum

222 3628 318 3696 locum
337 3647 406 3694 curri
428 3632 530 3694 multis
553 3653 641 3695 conor
661 3677 670 3707 ,
691 3631 798 3713 assequi
817 3650 918 3711 nonp
961 3651 1035 3705 uin,
1057 3629 1179 3700 comites
1243 3677 1246 3684 .

223 3727 296 3773 cette
316 3712 353 3774 in‘
368 3733 403 3773 eo
423 3711 558 3777 imitandi
579 3712 677 3774 sludio·
691 3711 852 3791 complures
875 3709 976 3791 possim
997 3709 1084 3789 longe
1100 3707 1192 3788 supe·-

221 3803 285 3862 rare
304 3835 316 3870 ,
346 3791 463 3875 quando
482 3793 592 3875 primus
621 3791 783 3871 locus.·non
802 3807 873 3854 tarn
888 3810 910 3855 a
929 3786 1119 3871 nobisravide
1139 3788 1193 3856 effi

303 3891 311 3904 ¹
1091 3887 1140 3928 eit-
