3034 4559
396 435 453 499 228
554 433 893 500 c-Ast’nnts
931 428 1141 495 sAnDI

354 533 391 579 ex
411 507 656 608 Lilio'Gregorio
673 514 892 589 eruditissimo,
913 529 1001 595 atque
1027 510 1213 593 integerrimo
1233 512 1320 573 intel·

354 595 489 670 lexerim,
515 601 657 674 Amicum
681 595 808 655 nollnrm
832 594 981 675 epistolam
1006 593 1107 653 adme
1136 590 1320 654 deferendam

351 675 458 738 dedisse
474 678 579 748 Joanni
597 676 700 735 Mariae
716 674 854 754 Carapho
871 719 880 748 ,
901 675 973 749 cui,
1001 672 1071 734 sicut
1088 671 1124 733 ab
1139 691 1174 732 eo
1191 671 1289 751 accepi
1308 713 1318 745 ,

350 776 412 819 non
433 758 606 826 tradiderat3
627 755 668 815 sm
696 771 796 815 autem
812 754 860 815 vel
878 757 951 826 me',
980 753 1027 815 vel
1044 751 1250 831 Gregorium,
1270 750 1320 812 vel

352 838 489 919 utrosque
507 837 602 918 potius
623 832 743 895 illudere
759 833 904 907 voluerit,
928 833 978 893 alii
994 831 1179 903 judicabunt.
1199 832 1319 893 Duoet-

351 916 414 977 iam
431 936 490 977 non
506 914 752 998 pretermittenda
766 915 855 988 duxi,
878 914 954 974 hunc
972 912 1078 972 Virum
1097 910 1181 981 hujus
1199 908 1319 972 forsitan

353 996 503 1056 sententia
522 993 762 1055 oblitumdixille
780 993 875 1075 postea
892 992 1012 1054 Herculi
1021 992 1155 1052 Prinarn:
1178 994 1249 1048 Mea
1265 988 1319 1069 epi·

345 1075 423 1153 fiola
440 1074 552 1150 venelir
569 1073 625 1150 ost,
641 1070 742 1146 steam
759 1073 826 1133 vult
842 1074 966 1146 Sardus,
982 1070 1038 1145 fibi
1054 1091 1143 1130 emat.
1168 1069 1318 1132 Verume·

352 1154 458 1235 pistule
474 1155 596 1214 minime
612 1168 673 1213 erat
688 1152 816 1215 venalis.
840 1152 886 1214 Ad
905 1153 962 1216 hec
979 1151 1098 1213 Amicus
1116 1168 1192 1231 nigre
1215 1149 1285 1211 tulit
1306 1191 1316 1224 ,

352 1252 408 1295 nec
432 1234 524 1295 animi
549 1233 679 1294 dolorem
707 1250 828 1313 tegere,
863 1252 916 1293 nec
935 1232 1135 1293 taciturnitate
1160 1228 1212 1290 sua
1227 1228 1318 1291 celare

352 1313 450 1395 potuit
468 1358 477 1390 ,
497 1333 564 1374 cum
582 1311 753 1385 intellexit,
783 1312 953 1374 Saracehum
971 1311 1120 1392 epistolam
1138 1310 1214 1369 mihi
1231 1308 1319 1370 tradi-

352 1393 421 1454 dille
439 1437 447 1468 ,
469 1393 516 1456 cui
532 1393 610 1457 dixit
630 1414 640 1465 3
660 1391 821 1467 Nolebam,
850 1410 882 1452 ut
899 1392 985 1452 Sardo
1001 1389 1114 1472 epistola
1133 1409 1204 1449 mea*
1216 1389 1322 1449 innote-

349 1474 453 1554 sceret.

395 1554 468 1627 Quae
489 1552 675 1634 posteaquam
734 1552 827 1633 περὶ,
848 1571 961 1612 mecum
984 1548 1212 1639 investigabam,
1233 1568 1320 1631 quor·

352 1632 417 1695 sum
438 1633 506 1692 Viri
529 1632 614 1703 hujus
634 1572 751 1693 conlilia
774 1632 946 1694 tenderent.
976 1632 1061 1692 Mens
1083 1649 1162 1690 enim
1184 1647 1250 1689 mea
1271 1649 1320 1690 ne-

354 1712 413 1774 scio
434 1710 504 1793 quid
526 1712 597 1772 mali
618 1712 692 1771 milri
715 1712 801 1792 praesa
826 1711 888 1785 ''re,
920 1710 1111 1791 augurarique
1133 1708 1317 1770 videbatur.

353 1792 526 1852 incuratum
553 1809 622 1851 mox
652 1792 763 1869 crepuit
791 1810 895 1852 ucus.
924 1790 972 1849 En
1009 1791 1100 1851 altera
1129 1788 1240 1868 prodiit
1260 1788 1320 1869 epi-

350 1870 451 1945 stola,
480 1870 573 1929 immo
589 1870 722 1929 chartula
746 1892 764 1928 a
779 1868 901 1930 militari
925 1870 1058 1932 instituto
1083 1888 1187 1948 parum
1216 1867 1317 1930 discre-

349 1968 442 2031 pans,
464 1967 554 2029 quam
576 1947 732 2008 mendaciis
752 1947 939 2014 &convitiis
958 1946 1315 2030 undiquereferramcum

351 2028 509 2103 vidissem,
538 2026 648 2108 Gypsto
663 2025 698 2087 de
716 2027 863 2100 Vitoho'c
882 2029 1084 2109 expostulavi.
1113 2027 1173 2089 Cui
1194 2027 1317 2089 Amicus

351 2108 446 2170 noster
466 2107 553 2167 fidem
574 2106 781 2187 oppignerauit
803 2153 812 2183 ,
833 2128 897 2189 quae
919 2112 1024 2170 iterum
1045 2107 1177 2188 imprimi
1198 2105 1316 2168 manda·

350 2201 415 2261 rat,
435 2186 462 2248 se
480 2185 616 2253 Vulcano
636 2186 797 2248 consecrare
819 2188 911 2249 velle.
931 2189 1028 2258 Hujus
1050 2188 1115 2247 Viri
1139 2184 1210 2248 fides
1220 2186 1317 2263 fluxa,

348 2288 385 2330 ne
406 2267 501 2328 dicam
522 2265 649 2348 perlida,
669 2264 748 2327 fuit.
779 2267 828 2327 Ob
845 2269 902 2328 mei
922 2288 1047 2349 namque
1067 2267 1201 2328 hominis
1224 2265 1316 2346 despi-

350 2349 508 2421 cientiam,
529 2363 746 2426 contemptum,
770 2368 804 2409 ac
821 2347 958 2422 dedecus,
978 2347 1139 2409 chartulam
1149 2347 1182 2408 in
1192 2346 1315 2428 vulgum

348 2444 419 2489 mox
442 2425 570 2507 spargere
592 2427 725 2501 curavit,
747 2429 924 2507 qua‚tacito
933 2445 1032 2489 tamen
1049 2428 1186 2499 nomine,
1208 2447 1256 2488 me
1269 2427 1314 2487 de·

348 2507 503 2569 tractorem
522 2506 670 2586 appellans
691 2550 699 2579 ‚
719 2506 749 2566 in
767 2506 916 2582 tabernis,
945 2506 1136 2588 omnibusque
1153 2503 1242 2567 Urbis
1264 2528 1314 2567 no-

348 2590 408 2650 strae
431 2606 469 2647 an
491 2586 567 2659 ulis,
589 2584 712 2665 &apud
733 2587 909 2666 imperitam,
922 2587 1142 2649 multitudinem
1163 2630 1172 2658 ‚
1193 2607 1255 2648 non
1272 2586 1311 2647 so·

350 2667 413 2728 lum
435 2606 591 2726 inlolenter
612 2683 659 2724 me
677 2665 812 2739 jactasse,
841 2667 1025 2748 militemque
1053 2667 1213 2747 gloriosum
1238 2664 1313 2727 fecil-

348 2746 403 2813 le·;
432 2743 478 2804 secl
500 2744 531 2803 in
553 2762 620 2804 eum
643 2763 760 2823 quoque
781 2744 917 2814 omnibus
940 2746 1076 2809 convitiis
1099 2766 1166 2807 cum
1190 2767 1241 2807 ore
1262 2743 1310 2806 foe-

347 2822 462 2885 diffimo
483 2863 492 2899 ,
516 2837 580 2882 tum
602 2823 691 2882 etiam
713 2822 825 2903 scriptis
849 2826 944 2887 multo
966 2824 1135 2888 foedioribus
1159 2826 1309 2886 invectum

346 2902 444 2975 fitille,
465 2900 549 2963 ausus
571 2901 610 2962 ell
628 2901 791 2976 affirmare,
813 2904 946 2987 typisque
987 2906 1168 2986 romulgare.
1190 2905 1247 2967 Sed
1262 2903 1309 2965 fal-

347 2984 379 3044 so
399 2982 517 3065 quidem
539 2982 752 3044 commentitiis
773 2984 885 3062 nugis,
906 2925 1120 3067 falsiloquisque
1141 2931 1307 3125 verbislssti

348 3061 526 3137 blandiens,
550 3062 576 3123 se
592 3083 610 3123 a
627 3082 673 3123 me
689 3079 882 3143 provocatum
900 3064 979 3125 suille
994 3062 1120 3125 affirmat
1138 3110 1145 3123 .
1179 3067 1245 3127 Nec
1288 3063 1293 3073 ‘

349 3159 504 3204 contentus
525 3142 681 3203 mendaciis
703 3140 811 3204 fatetur
833 3163 881 3206 me
901 3141 1044 3218 liberum,
1066 3144 1146 3205 &in
1164 3144 1308 3205 liberant·

349 3238 415 3283 tum
433 3221 583 3295 Ciuitate,
606 3222 637 3282 ἃ
655 3239 830 3286 tamennon
847 3240 963 3285 veretur
979 3224 1153 3287 auctoritate
1170 3270 1180 3299 ,
1199 3243 1265 3313 quae
1280 3224 1309 3283 in

351 3321 387 3361 eo
404 3297 516 3360 fortalle
534 3301 616 3361 nulla
632 3302 688 3375 ell,
712 3303 742 3361 ni
760 3302 871 3376 fallor,
892 3300 978 3381 mihi⁴
989 3302 1076 3365 instar
1091 3304 1220 3385 gregarii
1237 3302 1310 3363 mili·

347 3380 386 3440 tis
406 3377 482 3438 diem
504 3395 611 3441 certam
629 3379 793 3461 prefigere,
813 3402 873 3463 qua
892 3403 1007 3445 mecum
1027 3405 1147 3445 manum
1166 3382 1307 3446 conserere

351 3455 456 3538 pollrt,
478 3476 602 3540 petens,
624 3479 688 3540 quae
713 3462 739 3521 ei
756 3461 961 3542 seposueram,
983 3479 1015 3524 ut
1032 3464 1126 3545 praelis
1149 3462 1308 3526 committe·

348 3557 426 3610 rem,
449 3538 575 3617 perinde·
587 3558 620 3599 ac
636 3538 656 3597 li
674 3539 699 3601 ei
717 3540 801 3600 ellem
818 3541 948 3602 addicitis
966 3563 974 3613 3
995 3541 1025 3602 ἃ
1041 3544 1061 3604 si
1078 3564 1137 3604 non
1160 3564 1281 3624 paruero
1297 3584 1306 3615 ‚

347 3636 450 3696 poena,
471 3616 595 3698 inquit,
616 3616 694 3689 ello,
715 3638 778 3698 quae
796 3622 889 3699 pueris
906 3620 1024 3700 inludo
1049 3619 1087 3686 ob
1101 3622 1239 3686 barbatas
1260 3641 1306 3684 vo·

342 3716 417 3767 ces,
440 3696 587 3776 malasque
609 3696 770 3758 locutiones
793 3699 843 3758 elle
865 3700 952 3761 soler.

382 3773 453 3836 Tibi
469 3775 586 3856 igitur,
616 3775 721 3858 Ledlot
737 3777 923 3842 eruditiffime
940 3775 949 3856 3
971 3780 1036 3844 Viri
1056 3782 1140 3855 hujus
1157 3779 1301 3922 ciensuetu·

1183 3878 1261 3925 mern
