3034 4559
388 446 445 514 180
623 443 874 510 antinoi.
897 442 1062 509 amoti

347 546 415 594 eum
433 527 613 603 laetantibus,
629 530 660 589 in
682 529 744 603 uit,
761 528 954 589 ad'vidlorem
969 525 1139 609 conversus,
1156 526 1306 601 laetamuta

346 610 451 674 deinde
473 610 509 671 ad
531 608 640 671 vidium
661 549 690 668 ie
714 625 912 681 convertens,
941 628 1007 669 cum
1036 626 1163 669 moerore
1184 608 1307 683 asetsis,

348 709 525 753 tutaremus.
545 687 775 768 Occafio‚quam
796 688 928 748 eamdem
938 688 1193 768 opportunitatem
1205 688 1307 769 appel·

349 767 432 844 lant,
454 770 484 829 in
505 784 634 848 tempore
655 767 781 827 maxime
802 767 854 827 sita
874 766 928 827 est.
951 766 1098 847 Siquidem
1121 786 1155 827 ea
1178 767 1219 828 est
1241 775 1309 829 temss

349 850 431 929 poris
454 867 544 928 pars,
595 866 637 907 uae
658 846 779 916 alicujus
800 847 841 907 rei
863 845 909 907 vel
930 842 1089 917 sarienda,
1121 845 1169 907 vel
1192 865 1253 909 non
1272 845 1310 906 sa

563 867 686 987 ditatem
700 945 742 986 ert
765 941 894 1016 tempope
913 926 1048 1016 praeslat3
1077 925 1151 986 hanc
1203 926 1234 988 ui
1255 936 1310 987 tion

349 927 460 990 cienda
516 924 565 987 sac·

352 971 508 1078 amiseris,
535 1007 644 1088 quique
664 1005 800 1067 oblatam
816 1020 990 1085 arripuerit,
1018 1004 1041 1067 is
1064 1002 1158 1079 sano,
1236 1004 1311 1067 tedio

351 1086 398 1147 uti
420 1085 534 1157 Iudicio
554 1084 778 1147 existimabitur.
801 1084 830 1146 Si
853 1082 1001 1159 Troiani,
1044 1103 1084 1146 uo
1103 1091 1235 1165 tempore
1254 1085 1311 1148 He·

350 1162 452 1226 senaa
469 1164 575 1226 marito
597 1164 795 1245 repetebatur,
817 1183 882 1224 eam
904 1163 947 1224 illi
968 1104 1141 1226 reddendam
1157 1163 1312 1241 cutasstnt,

350 1242 449 1305 tnusto
470 1242 575 1305 resiius
596 1243 744 1319 vidissent,
789 1260 855 1305 uam
878 1244 908 1306 id
929 1241 955 1304 se
976 1244 1011 1303 ad
1032 1242 1166 1305 eradium
1188 1241 1313 1319 bellurn,

350 1334 441 1404 atque
461 1322 498 1383 ad
519 1324 689 1386 inclinatam
712 1324 743 1384 in
765 1264 881 1385 graccos
901 1321 1047 1385 fortunam
1075 1323 1204 1386 fassurus
1232 1324 1313 1405 polli-

354 1417 511 1466 cerentur.
540 1400 625 1465 Unde
645 1402 801 1465 Proverbio
823 1402 902 1464 locus
924 1404 964 1466 esl
985 1403 1092 1466 datus:
1116 1402 1179 1479 sem
1199 1402 1314 1483 sapiunt

352 1481 499 1562 Phryges.
529 1469 670 1544 Claudius
699 1500 801 1544 contra
829 1485 910 1544 Nero
937 1501 996 1543 non
1027 1482 1119 1559 solum
1140 1482 1217 1544 hanc
1236 1501 1313 1544 occa·

355 1561 462 1624 sionem
484 1578 543 1623 non
565 1563 686 1637 omisit,
716 1562 761 1624 sed
791 1562 877 1643 longe
898 1563 987 1623 etiam
1009 1560 1055 1623 illi
1075 1560 1195 1623 obviam
1217 1577 1315 1643 prope·

355 1662 422 1704 rans
441 1640 590 1703 occurrit.
621 1643 681 1703 Hic
702 1644 781 1703 enim
802 1641 912 1703 Consul
934 1642 1066 1703 adversus
1089 1640 1266 1703 Annibalem
1287 1642 1314 1702 in

358 1721 469 1800 Apulia
489 1719 597 1781 bellum
616 1720 750 1796 gerebate
770 1741 837 1781 cum
856 1736 954 1781 autem
975 1741 993 1781 a
1009 1720 1136 1783 Consule
1152 1721 1248 1783 altero
1263 1741 1316 1782 tet·

357 1800 416 1862 tior
436 1799 541 1872 fieret,
572 1799 761 1861 Asdrubalem
791 1799 945 1861 Annibalis
975 1798 1091 1862 fratrem
1120 1819 1188 1862 cum
1210 1819 1314 1891 magno

356 1878 483 1939 exercitu
506 1877 544 1938 Al
566 1898 595 1938 es
626 1880 747 1939 transisse
764 1923 773 1953 ,
789 1895 895 1960 ‘neque
924 1880 976 1955 se,
1005 1901 1099 1963 neque
1128 1880 1164 1941 Le
1186 1880 1314 1942 Porttunt

356 1957 514 2019 Praetorem
537 1899 593 2018 sitis
614 1958 706 2038 copiis
726 1957 853 2020 obsistere
874 1960 974 2040 polle,
1002 1982 1061 2043 quo
1083 1961 1109 2023 se
1130 1960 1232 2020 minus
1256 1978 1316 2021 cum

359 2036 447 2098 fratre
466 2036 645 2117 coniungam
664 2038 742 2119 quod
759 2038 872 2102 sicasus
890 2036 979 2116 serat,
1001 2061 1060 2102 rem
1083 2042 1253 2102 Romanam
1270 2038 1316 2100 esse

356 2115 589 2186 conclamatam
611 2117 666 2179 hoc
683 2119 791 2181 nuntio
799 2136 937 2201 accepto,
952 2120 1101 2181 eonsilium
1119 2120 1224 2200 ipsein
1249 2134 1315 2180 tem·

357 2217 429 2277 pore
449 2197 528 2277 capit
550 2199 657 2272 Nero,
689 2214 723 2260 ut
750 2199 826 2260 clam
849 2216 974 2280 utroque
995 2201 1085 2261 Poeno
1106 2219 1175 2261 cum
1196 2196 1334 2279 magna,'

357 2298 393 2340 ac
416 2277 531 2339 meliori
556 2276 670 2338 suarum
696 2279 843 2359 copiarum
862 2296 945 2361 parte
967 2300 1001 2340 ex
1026 2279 1122 2341 castris
1139 2278 1198 2340 suis
1221 2279 1257 2339 ad
1274 2277 1316 2339 Li·

359 2357 445 2418 vium
471 2357 502 2418 in
527 2357 697 2418 Hetruriam
731 2358 882 2434 advolet,
915 2357 1003 2441 atque
1028 2360 1086 2435 ita,
1111 2355 1316 2438 conduplicant

358 2438 452 2517 copiis
477 2438 618 2498 continuo
642 2437 756 2499 collatis
783 2438 869 2529 signis
892 2458 959 2499 eum
985 2436 1172 2513 Asdrubale,
1202 2454 1315 2499 manum

360 2517 513 2584 conserat3
543 2533 620 2577 ratus
641 2517 736 2577 multo
758 2515 870 2578 facilius
893 2518 1016 2579 Poenum
1037 2516 1192 2580 disclusum
1214 2516 1316 2598 supeta-

360 2596 406 2668 ti,
427 2615 517 2676 quam
539 2596 725 2663 conjunuum
750 2597 876 2657 sustineri
900 2598 997 2675 posse.
1018 2598 1105 2672 Quod
1128 2594 1212 2657 suum
1235 2593 1315 2658 cons⁴

360 2675 440 2741 lium,
458 2694 516 2735 non
544 2694 629 2752 poene
651 2674 700 2733 ille
720 2677 799 2753 prius
823 2696 852 2736 re
875 2674 960 2754 ipsa,
989 2692 1077 2759 quam
1106 2673 1226 2737 fortuna
1248 2672 1315 2736 felici

360 2769 470 2813 eventu
498 2752 724 2831 comprobavit.
759 2754 806 2813 sic
835 2754 914 2814 enim
939 2776 1005 2817 cum
1033 2754 1190 2817 Asdrubale
1212 2773 1315 2836 pugna·

362 2848 427 2891 tum
449 2832 504 2904 est,
526 2847 559 2892 ut
582 2830 640 2898 ejus
658 2848 745 2910 caput
772 2831 910 2895 Annibali
934 2855 1038 2914 paucos
1062 2836 1123 2917 post
1147 2834 1207 2895 dies
1226 2834 1256 2894 in
1274 2852 1315 2914 pu·

361 2930 422 2991 gna
444 2912 523 2970 Nero
548 2908 698 2979 obiiceret.
721 2910 756 2970 In
782 2932 923 2993 magnum
949 2917 1072 2976 omnino
1098 2913 1314 2995 Rempublicam

362 2990 468 3063 Nero,
491 3010 558 3050 cunt
583 2990 672 3051 casira
693 2989 841 3067 deseruit,
868 2993 983 3056 induxit
1008 2994 1196 3074 periculum
1222 3001 1314 3055 velun

363 3070 505 3152 quoniam
530 3072 668 3149 temporis
693 3071 799 3134 occasro
816 3071 967 3153 urgebat,
993 3095 1052 3136 non
1077 3090 1138 3135 tam
1155 3072 1217 3144 ejus
1242 3089 1315 3134 even·

364 3169 411 3212 tus
436 3149 636 3211 saluberrimus
661 3151 759 3213 extitit
784 3196 793 3229 ,
826 3167 914 3235 quam
948 3153 1092 3225 Judicium
1125 3152 1165 3214 esi
1198 3152 1314 3214 maxime

363 3229 616 3291 commendatum.
639 3230 693 3291 Sed
714 3231 751 3292 ad
769 3248 881 3311 tempus
899 3232 1006 3295 redeo.
1030 3233 1126 3302 Hujus
1143 3247 1245 3293 autem
1263 3248 1314 3293 tao·

365 3326 395 3369 ta
421 3309 466 3368 vis
489 3308 528 3367 est
553 3309 697 3370 interdum
722 3312 752 3372 in
776 3312 858 3372 rebus
881 3314 999 3392 agendis
1025 3358 1034 3388 ,
1065 3328 1098 3374 ut
1128 3330 1193 3393 quae
1229 3312 1315 3391 suapte

364 3403 470 3448 natura
486 3388 552 3448 sunt
570 3388 785 3465 honestissima,
808 3391 859 3451 nisi
877 3392 1060 3460 huiusxratio
1083 3390 1226 3453 habeatur
1242 3436 1252 3465 ,
1266 3406 1315 3451 tur·

364 3465 480 3549 piffima
503 3464 598 3528 siant.
623 3469 708 3530 Fides
735 3471 781 3531 vel
806 3470 878 3531 hosli
904 3471 1060 3560 praeslanda
1080 3470 1137 3541 esl3
1159 3469 1266 3532 surioso
1280 3484 1314 3529 ta-

365 3568 458 3621 men,
483 3548 530 3607 cui
555 3547 624 3609 sano
649 3549 742 3609 ensem
768 3548 956 3630 promiseris,
982 3571 1042 3613 non
1066 3549 1150 3613 redie-
1164 3550 1269 3611 dabis.
1289 3544 1312 3606 Si

366 3628 433 3710 quis
457 3627 527 3687 item
553 3629 705 3707 pecuniam
731 3650 749 3688 a
771 3630 808 3690 ud
825 3645 853 3690 te
877 3628 1061 3709 deposuisset,
1078 3650 1142 3691 eam
1160 3624 1312 3710 reposcenti

366 3727 468 3769 omnes
492 3708 609 3787 Leges,
635 3725 666 3768 ut
689 3707 736 3768 red
757 3730 814 3783 as,
836 3725 969 3787 cogunt,
993 3710 1033 3769 sin
1058 3726 1158 3773 autem
1183 3730 1220 3771 eo
1252 3723 1313 3768 tem·

315 3865 318 3870 1
367 3808 461 3871 pore,
490 3806 549 3867 quo
576 3787 679 3852 Patria
710 3805 766 3849 tua
790 3787 898 3851 bellum
922 3785 1037 3851 inferret
1061 3833 1070 3865 ,
1096 3809 1162 3851 eam
1187 3803 1314 3925 repelpt,

1204 3884 1284 3929 nua
