3034 4559
472 454 499 515 L
537 454 557 517 Ι
590 456 618 517 B
656 454 683 517 Ε
720 456 749 516 R
807 454 859 521 ΠΙ.
1041 472 1099 542 215

244 530 369 597 eleritate
383 552 457 615 opus
473 534 530 610 est,
551 535 636 606 hujus
649 536 747 598 oratio
764 529 848 613 fluit,
870 531 962 600 nulla'
974 552 1071 618 mora,
1089 541 1139 606 in·

244 614 1131 697 melis,lntervallis,nullisvinculisimpeditaconuolvitur0

244 712 285 753 :ra
301 713 370 755 vero
386 693 407 754 li
423 694 504 755 inea
520 694 619 758 sensim
644 694 851 761 confidendum
866 696 922 772 est,
943 711 1007 762 tum
1032 693 1064 762 ἃ
1087 699 1136 766 in·

244 771 348 847 ionis,
371 773 402 834 δι
419 777 525 849 moris,
548 774 579 837 δι
598 775 777 850 intervallis,
798 775 830 838 ἃ
848 775 904 839 suis
924 773 1137 859 interspiratim

244 871 257 913 s
278 853 415 914 omnibus
431 851 627 937 conquiescit·
648 854 769 918 sivero
789 856 881 921 caussa
900 853 1069 934 lenitatem,
1089 869 1136 919 ate

244 933 470 1012 aequabilitatem
487 934 630 997 orationis
647 932 795 1016 postulet,
816 952 880 1000 tum
905 935 937 1002 dt
962 951 1035 1017 puro
1049 932 1134 1017 qued

244 1009 317 1086 lam,
334 1011 365 1073 &
380 1012 502 1075 candido
519 1012 632 1075 dicendi
648 1032 751 1095 genere
768 1033 885 1080 omnem
901 1034 959 1098 prae
975 1016 1003 1077 se
1028 1011 1083 1079 ferr
1097 1030 1135 1105 ᾳυ·

244 1090 294 1152 ms
311 1090 485 1155 suavitatem
503 1112 510 1154 :
541 1093 582 1157 stn
599 1110 701 1158 contra
716 1095 747 1159 in
764 1093 884 1159 dicendo
908 1090 1057 1161 retinenda
1071 1105 1131 1159 ent

244 1168 323 1245 itas,
344 1172 490 1250 gravitate
505 1188 621 1237 caereros
644 1193 745 1238 omnes
768 1170 851 1238 facile
867 1172 998 1256 superat.
1021 1170 1058 1238 In
1074 1169 1134 1242 hoc

246 1270 262 1310 r
279 1270 338 1311 uno
354 1251 381 1310 se
397 1250 425 1312 se
442 1272 522 1313 meus
540 1253 673 1318 imitator
688 1270 722 1319 ut
737 1254 901 1329 contineat,
920 1253 1009 1326 volo3
1026 1254 1057 1314 in
1074 1248 1134 1316 hoc

244 1345 328 1404 orus,
350 1330 381 1392 in
408 1330 463 1395 hoc
487 1330 625 1408 habitet,
645 1334 722 1397 hunc
746 1331 864 1408 verset,
884 1333 981 1413 legat,
1002 1330 1133 1411 relegat}

244 1429 264 1469 a
283 1409 366 1478 hujus
383 1407 508 1492 denique
523 1412 559 1476 ad
576 1410 697 1477 verbum
714 1411 862 1477 memoriae
883 1409 1001 1474 mandet
1011 1428 1020 1482 ;
1060 1424 1132 1474 uam

244 1506 257 1547 r
283 1489 411 1567 plurima
434 1488 544 1569 point,
565 1507 671 1567 notet,
692 1507 781 1573 atque
800 1489 932 1555 observet
951 1485 1030 1551 fideli
1054 1505 1132 1551 rme.

244 1565 320 1628 iiam
338 1588 406 1629 veto
421 1567 480 1631 haec
497 1570 591 1649 pueris
614 1568 663 1654 [si
680 1571 740 1633 fieri
757 1569 871 1656 possit]
892 1586 959 1633 cum
976 1565 1051 1631 latie
1066 1563 1132 1707 ipso

244 1646 336 1708 benda
359 1645 424 1722 est,
445 1665 478 1709 ut
501 1648 559 1710 illis
582 1650 768 1731 expeditior,
797 1646 1015 1733 ac'promptior
1038 1642 1132 1721 adit,

244 1746 288 1807 [ue
304 1745 362 1789 una
376 1746 444 1789 cum
460 1727 495 1789 iis
521 1726 553 1791 δι
575 1747 669 1805 nata,
694 1730 725 1793 ἃ
748 1730 916 1793 altavideri
941 1725 1050 1812 pollet,
1071 1723 1131 1790 hos

244 1825 284 1885 ¹ue
302 1806 333 1865 in
350 1806 415 1868 loco
431 1808 505 1870 hanc
520 1808 594 1870 mihi
611 1830 728 1892 quoque
746 1829 847 1875 curam
862 1807 931 1875 duxi
947 1803 1070 1872 minime
1086 1802 1129 1895 es-

245 1885 473 1960 ntemnendam‚
491 1903 525 1950 ut
540 1887 585 1950 his
602 1891 693 1953 etiam
709 1888 835 1971 benigne
849 1885 1047 1970 providerem.
1068 1883 1130 1948 His

245 1984 259 2023 r
285 1965 425 2027 continuo
448 1986 514 2027 eum
538 1968 708 2049 magistrum
732 1967 930 2035 adhibendum
955 1964 1009 2029 elle
1031 1962 1132 2040 volo,

244 2043 359 2115 hujusce
383 2042 528 2109 facultatis
552 2048 674 2111 virtutes
689 2068 791 2113 omnes
812 2050 924 2130 optime
940 2042 1067 2135 callente,
1083 2056 1131 2132 ἓξ·

244 2123 272 2183 ln
288 2122 324 2184 iis
341 2125 454 2188 utendis
470 2126 504 2187 fit
520 2129 691 2191 exercitatus
707 2129 850 2194 maxime.
871 2124 925 2189 Sed
941 2144 978 2188 ne
993 2122 1068 2187 mtln
1084 2140 1130 2182 nr·

244 2200 386 2266 'n‘sumere
403 2204 517 2281 videar,
562 2207 592 2269 ui
613 2208 762 2289 magistros
779 2207 926 2274 instituere
943 2199 1052 2276 velim,
1071 2217 1131 2279 ego

268 2280 306 2345 dc
330 2303 377 2345 me
401 2303 487 2364 agam
512 2226 599 2365 ipio,
621 2286 668 2362 id,
690 2288 838 2368 inquam,
858 2283 938 2368 quod
959 2299 1013 2362 ego
1036 2278 1131 2342 facere

249 2404 260 2437 ,
280 2378 312 2422 at
334 2383 371 2424 ue
386 2364 457 2426 adeo
474 2381 570 2428 tecum
587 2363 659 2443 feci,
681 2364 712 2427 δι
728 2385 798 2429 mox
814 2383 882 2427 cum
899 2361 1002 2426 Fratre
1018 2372 1070 2450 tuo
1085 2359 1130 2419 A·

244 2383 399 2504 ulaliurus
416 2443 503 2519 sum,
528 2445 559 2508 in
577 2443 707 2510 medium
730 2442 892 2530 proferam:
913 2454 1013 2505 utrum
1036 2435 1067 2502 td
1083 2455 1130 2526 re·d

251 2519 397 2584 bonorum
412 2524 466 2589 erit
485 2522 645 2597 judicium.
665 2525 732 2606 Ego
747 2524 841 2606 igitur
860 2539 926 2586 cum
946 2535 1054 2664 paucos
1070 2533 1131 2584 mr«.

244 2601 386 2683 mpridem
402 2602 557 2685 delegerim
574 2603 732 2680 Autlores,
749 2603 787 2671 ad
804 2621 929 2685 quorum
959 2610 1131 2688 ocutionem

244 2701 262 2741 n
281 2680 341 2761 ipse
356 2680 515 2748 didionem
530 2681 756 2760 conformarem,
777 2682 848 2748 duos
872 2701 907 2746 ex
927 2678 963 2742 iis
986 2691 1130 2768 practpue

251 2762 325 2822 meis
346 2762 440 2841 pueris
462 2764 493 2824 in
516 2763 650 2827 manibus
675 2763 779 2830 habere
803 2761 905 2839 soleo,
934 2758 1129 2851 Terentium,

244 2842 406 2904 iceronem.
428 2844 509 2906 Nam
530 2862 564 2906 ut
585 2863 656 2925 puer
675 2863 757 2907 meus
799 2844 874 2910 rima
893 2840 1061 2904 rudtmenra
1074 2853 1128 2925 po·

252 2920 392 2998 crepent,
413 2937 478 2988 tum
498 2923 581 2987 nobis
596 2924 753 2988 Terentius
770 2862 910 2986 liumitur·
929 2918 976 2981 Ex
997 2917 1052 2980 hoc
1067 2935 1128 3005 prtg

244 3000 278 3062 lli
303 3000 343 3060 ali
365 3016 417 3063 uot
433 3003 493 3066 dies
509 3003 618 3077 binos,
645 3020 697 3066 aut
720 3020 817 3066 ternos
837 3000 952 3073 versus,
973 2992 1124 3085 quavmlhl

244 3096 301 3142 rrte
322 3020 364 3141 ad
380 3081 439 3151 ejus
460 3083 611 3162 ingenium
632 3081 880 3145 accommodatius
907 3079 959 3140 esse
985 3073 1127 3146 arbitror,

244 3180 309 3223 care
330 3161 464 3244 incipio:
488 3181 545 3245 qua
568 3162 600 3223 in
619 3180 655 3223 te
669 3162 797 3224 multum
819 3160 878 3231 ejus
900 3153 1024 3222 studium
1044 3149 1140 3217 fabat-¹

244 3240 342 3329 puibus
362 3242 444 3321 pueri
467 3243 594 3306 maxime
615 3243 792 3333 capiuntur,
809 3240 913 3311 iuvant
933 3234 1127 3328 obletlamen·

244 3342 295 3405 pua
316 3322 444 3404 plerique
464 3341 581 3403 quoque
601 3338 714 3384 tattone
732 3322 811 3384 duell
833 3319 869 3381 ad
890 3309 994 3381 ovidii
1015 3309 1129 3405 fabulas

252 3402 349 3483 magis
372 3402 526 3465 informare
548 3400 687 3475 student,
713 3420 808 3482 neque
829 3397 933 3464 vident
952 3398 1044 3477 ineptt
1065 3388 1127 3473 [ut

244 3506 282 3559 a,
301 3502 366 3566 qua
391 3484 447 3544 sine
470 3482 616 3549 stomacho
617 3498 800 3622 sspercurrere
823 3500 883 3542 non
907 3479 1042 3560 possum,
1063 3469 1126 3555 illis

657 3582 667 3621 l

244 3561 358 3704 onemp
379 3562 454 3626 hanc
474 3562 524 3622 elle
547 3581 615 3624 cane
684 3603 694 3634 ‚
724 3577 784 3622 non
805 3558 942 3643 loquendi
963 3556 1126 3623 rationems

244 3664 279 3705 uo
302 3642 398 3705 nulus
421 3642 455 3706 s1t
474 3640 627 3704 verborum
658 3638 808 3713 deletlus,
837 3638 921 3702 nulla
941 3635 976 3697 ad
995 3632 1126 3725 lolutam

244 3742 332 3784 onem
361 3720 580 3783 accommodata
601 3719 736 3784 locutio.
767 3722 914 3798 Naturam
935 3736 950 3776 e
973 3712 1144 3786 uidemus-x„

244 3821 293 3863 am
311 3799 414 3864 ducem
429 3800 508 3883 sequi
523 3798 619 3862 malo.
640 3797 745 3939 lappe
761 3816 860 3864 meum
874 3791 934 3875 ipse
950 3734 1133 3954 discgppllpm

767 3895 786 3936 2
