3034 4559
331 422 404 532 μ’
491 450 571 513 un
605 449 1039 512 tM-rrAr-ronte

295 555 338 594 ret
350 534 420 611 strat
440 527 616 592 obtinendas.
636 530 701 592 Ita:
717 528 889 623 Juffitinzesl
901 529 1012 591 habitus
1029 526 1120 589 animi
1133 519 1254 591 c'onrtnn*

291 615 324 673 ni
348 613 470 678 utilitati
493 610 677 687 conservata,
697 610 783 686 strant
805 632 901 690 cneque
924 603 1045 670 tribuens
1060 610 1223 686 dignitatem
1241 651 1252 670 .

291 696 373 769 Quas
393 706 493 758 omnes
507 734 519 765 2
533 690 569 761 ,δὲ
584 688 688 750 harum
706 688 795 749 etiam
810 690 915 751 finriles
931 707 1045 752 caeteras
1065 688 1252 750 definitiones

296 773 317 835 lr
334 772 400 853 quis
421 772 547 849 integras
570 768 701 849 usurpet,
722 788 783 829 non
799 768 883 845 faciet
903 768 1019 852 inepre;
1040 768 1178 830 litamen
1199 768 1254 832 ali·

289 852 361 935 quid
381 850 416 916 de
438 849 487 910 suo
507 846 612 922 addat,
633 848 794 911 autetiam
811 865 906 913 totam
924 849 1046 916 eandem
1066 869 1085 929 n
1105 848 1131 908 se
1149 844 1251 910 eonfe-

289 933 388 1003 terit,
408 928 495 990 modo
515 949 533 990 a
553 928 732 991 definitionis
750 945 880 1007 natura,
910 928 941 991 ὅ(
959 930 1024 1008 lege
1041 946 1101 989 non
1123 926 1252 998 discedat

258 1046 261 1050 >
287 1009 477 1082 definiendo,
497 1028 578 1089 aeque
600 1008 628 1068 ei
647 1006 739 1069 facete
758 1007 858 1070 licebit
876 1030 885 1081 3
905 1027 941 1090 ut
959 1007 1063 1069 Cicero
1080 1007 1112 1068 in
1132 1004 1252 1077 Iustitia

288 1087 356 1149 fecit
379 1087 541 1149 definienda
557 1131 577 1160 ,,
587 1087 639 1169 qui
662 1086 728 1149 aliis
749 1085 873 1165 verbis,
891 1105 981 1172 atque
1001 1086 1044 1150 est
1057 1083 1145 1167 supra
1161 1085 1254 1148 addu-

284 1168 388 1241 ¹lium,
407 1167 443 1228 stc
461 1187 524 1230 earn
541 1167 693 1229 definivit:
1142 1223 1153 1232 .

216 1304 218 1308 .
305 1248 398 1324 ustitia
413 1250 448 1318 esi
469 1245 577 1325 effellio
596 1248 684 1307 animi
695 1248 782 1324 stium
801 1249 902 1329 cuique
921 1243 1058 1321 tribuent,
1076 1242 1118 1306 (9⁹
1129 1242 1250 1322 sitiera-

288 1346 342 1386 tem
364 1327 558 1404 ctnp'nnflionit
579 1325 704 1387 humane
722 1324 848 1401 munifice
867 1346 962 1387 tuens.
1167 1327 1172 1332 ’

287 1405 362 1468 Item
383 1406 447 1468 aliis
467 1427 531 1477 enm
552 1405 690 1470 deliniens
708 1407 815 1485 dixit,
839 1408 899 1493 -qui
919 1406 958 1471 ad
976 1404 1163 1469 Herennium
1184 1402 1252 1468 scti-

286 1485 348 1561 bit,
368 1488 510 1550 cumeit:
834 1544 837 1549 ,
1096 1544 1097 1547 ,
1155 1541 1159 1546 .

277 1566 398 1658 [ustitia
417 1566 456 1644 ej}
471 1566 586 1647 equitat
605 1568 655 1648 jur
673 1567 822 1651 unicuique
840 1565 968 1644 tribuent
971 1581 1023 1649 pro
1043 1565 1185 1645 dignitate
1202 1588 1250 1629 cn·

297 1669 315 1704 u
348 1668 399 1706 ue·
823 1694 826 1699 ·

282 1645 403 1789 'Utfqnon
420 1725 525 1789 addam
542 1724 728 1801 multatim,
747 1722 853 1808 quibus
868 1742 921 1788 aut
935 1723 1121 1797 describitur,
1142 1739 1194 1786 aut
1212 1721 1247 1785 sr-

285 1802 442 1883 gnificatur
458 1804 517 1867 haec
534 1807 628 1866 virtus
646 1826 704 1866 non
723 1824 784 1867 uno
799 1804 906 1876 modo.
925 1806 1005 1881 Quin
1027 1804 1118 1867 etiam
1140 1804 1171 1865 in
1183 1804 1247 1866 sen·

286 1882 386 1943 tentiis
394 1902 512 1965 quoque
520 1883 767 1965 aliquid&addi,
783 1885 814 1947 δι
833 1886 1027 1959 commutari,
1047 1882 1135 1945 modo
1153 1904 1249 1948 rema-

285 1960 523 2039 neatlenteutie‚
543 1964 673 2043 permitti
688 1964 821 2027 videtur:
843 1981 877 2027 ut
891 1964 912 2028 sr
927 1965 992 2048 quis
1009 1962 1083 2028 iilud
1092 1962 1247 2042 Platonis,

283 2042 441 2122 Principem
456 2044 582 2105 Civium.
595 2041 809 2121 benevolentia,
836 2068 888 2106 non
908 2045 996 2104 arrnir
1015 2044 1126 2123 siptnm
1146 2044 1199 2120 effe
1217 2067 1246 2103 o·

278 2135 387 2201 portet,
406 2120 443 2184 ad
465 2122 542 2185 hunc
561 2122 682 2184 modum
703 2124 784 2205 quast
804 2124 887 2187 suurn
908 2124 937 2185 id
959 2122 1111 2197 efficiens,
1137 2117 1246 2185 dicat:

283 2200 335 2262 Ne
350 2199 397 2261 illi
409 2203 529 2264 maxime
543 2203 599 2264 tuti
608 2203 680 2278 stent
694 2204 834 2285 Principes
850 2249 861 2280 ‚
908 2205 939 2263 ni
954 2203 1043 2281 magis
1056 2202 1169 2277 suorum
1191 2202 1244 2262 Ci-

283 2280 366 2343 vium
378 2276 584 2355 benevolentia,
603 2305 689 2360 qnam
702 2284 787 2343 arnris
801 2285 876 2365 septi
878 2226 965 2360 ient:
985 2280 1248 2357 Quemadmodum

282 2358 373 2421 etiarn
394 2360 499 2424 Cicero
519 2360 588 2424 lacit
608 2362 640 2426 in
661 2364 803 2427 Terentio
822 2364 911 2446 paulo
930 2363 1020 2424 etiarn
1041 2360 1179 2423 liberius.
1202 2362 1251 2424 11·

283 2438 311 2500 le
332 2438 492 2504 enimait:

283 2520 348 2579 Non
362 2521 504 2601 Apollinis
520 2521 610 2601 magis
626 2544 742 2596 verum,
761 2540 847 2602 atque
859 2519 924 2595 loc,
943 2519 1095 2601 responfitm
1111 2518 1166 2595 esi.
1184 2581 1187 2586 ,

281 2596 387 2660 Cicero
408 2618 507 2661 autem
528 2600 582 2660 src:

282 2680 348 2739 Haec
364 2702 398 2737 ex
413 2680 519 2741 oraculo
533 2678 674 2759 Apollinis
689 2677 788 2756 Pythii
804 2675 881 2737 editi
895 2674 948 2736 tibi
956 2692 1028 2757 puta
1035 2697 1050 2746 ,·
1069 2673 1145 2735 nibil
1152 2677 1247 2757 potest

281 2758 332 2831 elle
349 2759 457 2817 verius.

283 2835 359 2897 Earn
377 2854 473 2897 autem
500 2833 623 2903 ejusdem
648 2833 780 2893 Terentii
805 2854 866 2896 non
893 2833 986 2895 solunt
1011 2839 1242 2913 commutauit,

281 2915 326 3006 seri
347 2917 435 2976 etiarn
458 2913 493 2976 ad
513 2914 689 2977 imitationis
710 2911 837 2974 sormam
860 2914 973 2995 optime
994 2913 1156 2977 tranavit.
1184 2918 1239 2980 Ille

280 3012 438 3057 enimait:

282 3075 365 3136 Malo
381 3073 486 3139 coellus
502 3074 554 3155 qui
569 3072 654 3151 stium
668 3072 786 3148 officium
796 3075 868 3153 satit
884 3118 895 3149 ,
922 3074 993 3133 dnm
1007 3075 1040 3134 id
1053 3075 1177 3150 rescitum
1202 3077 1239 3136 iri

280 3154 383 3227 credit,
400 3155 533 3235 tantisper
546 3173 645 3221 cnvet3
658 3151 790 3235 fispernt
800 3156 860 3238 fore
874 3154 965 3229 clam,
986 3155 1091 3231 rursum
1109 3157 1150 3216 acl
1163 3158 1238 3238 inge·

280 3233 357 3290 nium
372 3234 459 3294 redit.
939 3249 945 3262 '

280 3308 385 3370 Cicero
404 3327 502 3372 autern
522 3312 575 3375 fic:
1104 3355 1106 3361 -

281 3388 386 3468 Quoad
408 3402 561 3465 metueret,
589 3394 678 3451 omnia
697 3411 724 3452 te
737 3393 953 3474 premiffnrnm3
976 3390 1064 3464 stmnl
1089 3417 1123 3454 ac
1144 3398 1233 3455 timere

281 3465 403 3545 destffet,
417 3465 537 3541 fimilem
561 3487 587 3527 te
604 3474 729 3544 futurem
749 3474 806 3531 tui.
822 3465 880 3531 'Sed
898 3472 1038 3552 quoniam
1054 3473 1138 3548 casu,
1157 3476 1234 3556 quod

281 3546 352 3609 artis
369 3543 488 3622 suerat,
517 3548 548 3608 in
567 3549 657 3630 ipsam
674 3551 873 3612 commutandi
891 3552 1032 3612 rationem
1050 3553 1204 3616 incidimus
1223 3599 1233 3629 ‚

281 3647 344 3710 quse
365 3627 567 3708 propositionis
590 3631 688 3691 nostrae
711 3646 858 3710 parserat
880 3617 994 3702 altera]
1025 3652 1088 3690 eam
1115 3653 1233 3715 pergam

282 3707 428 3770 absolvere
445 3753 453 3768 .
473 3709 536 3769 Aut
552 3708 665 3788 igitur,
686 3707 765 3790 quod
782 3709 832 3790 ipsi
849 3708 1012 3791 eloquimur
1029 3712 1156 3775 alienum
1173 3757 1182 3787 ‚
1206 3714 1234 3774 id

282 3786 368 3849 nobis
393 3789 448 3851 erit
469 3788 592 3852 omnino
609 3790 821 3872 incognitum:
851 3791 1007 3853 autetiam
1030 3789 1131 3931 saepipp
1148 3794 1246 3881 petie-¹

1131 3892 1198 3932 um.
