3034 4559
333 439 373 516 96
492 435 571 499 DE
609 434 1053 500 ΙΜΙΤΑΤΙΟΝΒ

295 517 341 580 ere
363 513 558 596 respondebis.
585 514 639 576 Sed
662 516 759 578 nullus
785 515 851 578 finis
865 517 943 594 erit,
965 518 985 579 si
1011 538 1062 599 per
1082 538 1100 580 o
1117 516 1229 599 relique

316 618 357 659 uae
382 596 413 658 in
430 594 564 657 universa
588 595 689 656 Latini
714 595 851 658 sermonis
875 598 1021 660 locutione
1045 539 1081 658 ad
1097 596 1173 658 hunc
1191 613 1235 664 mo

229 679 233 683 ’
290 619 363 738 dum
388 674 561 738 commutari
585 676 712 754 possunr.
742 675 836 737 Nulla
856 678 934 738 enim
963 698 1022 739 vox
1053 694 1115 738 tam
1136 678 1234 816 prppri

292 756 332 817 est
347 801 357 832 ‚
374 758 421 818 cui
438 754 492 815 soli
507 754 694 893 proprietatis
710 753 765 815 suae
782 754 826 825 jus
844 772 940 818 totum
956 755 1131 819 attribuatur
1149 776 1157 815 ε

291 837 362 898 ratis
385 850 483 897 autem
518 853 595 914 onge
618 832 792 914 locupletior
813 829 853 896 est
879 836 1020 898 varietas.
1041 834 1201 899 Terentius
1222 835 1235 898 i

289 916 409 996 proprio
430 913 466 975 sle
487 914 697 976 eommutavit.
719 914 773 976 Ait
789 914 893 977 enim:

371 1000 464 1075 Atque
480 994 576 1053 iridem
587 993 703 1071 fallas,
722 1011 754 1053 ut
776 992 811 1053 ab
830 994 892 1054 illis
907 994 1056 1072 fallimur.

289 1077 389 1150 Quam
409 1073 524 1156 proprie
543 1072 654 1136 duum
670 1072 703 1133 fit
722 1072 820 1135 vides.
841 1073 951 1135 Iterum
974 1070 1044 1136 alibi
1065 1071 1137 1134 ait:

288 1154 402 1231 Hifcine
421 1173 470 1227 ru,
484 1150 596 1227 umabo,
612 1176 664 1213 non
679 1171 771 1215 contra
786 1147 964 1230 insidiabere?
989 1155 1021 1216 in
1036 1148 1159 1235 propriis
1175 1172 1235 1219 nuo

289 1232 366 1295 satra
387 1235 427 1297 est
450 1233 660 1295 commutatio.
1038 1267 1040 1271 ·

326 1314 449 1394 Proprio
464 1330 562 1376 autern
579 1311 598 1373 fi
656 1321 738 1375 atum
754 1311 871 1386 subjecit
888 1313 969 1376 eoin
986 1312 1067 1375 loco.
1086 1314 1169 1374 Nam
1184 1331 1235 1377 cun

286 1393 424 1455 dixisset:
446 1392 482 1453 Id
501 1414 564 1453 vero
577 1333 655 1470 segeiie¹
663 1394 823 1474 triumph03
845 1390 933 1475 paulo
953 1391 1015 1474 post
1035 1387 1190 1459 subdidit:
1232 1431 1235 1437 ‚

368 1473 458 1556 ‚Quod
479 1471 547 1533 mihr'
585 1490 632 1532 uto
652 1474 840 1554 palmarium.

286 1553 337 1616 Ita
356 1554 446 1615 Maro
467 1553 499 1612 in
518 1552 580 1631 ipo
601 1553 740 1615 Terentio
757 1574 767 1625 3
789 1554 840 1635 qui
861 1574 926 1615 cum
947 1550 1082 1627 dixisset,

365 1635 430 1693 Nou
449 1632 516 1691 adeo
529 1629 675 1691 inhumano
694 1632 901 1712 ingeniosum,
921 1631 1047 1695 cherea.

287 1711 429 1795 figurare
448 1712 644 1773 commutavit
664 1712 719 1772 hoc
740 1708 829 1774 modo
851 1732 859 1771 τ

365 1794 428 1852 Non
444 1790 538 1867 obtusa
556 1791 624 1851 adeo
640 1790 774 1871 gestamus
789 1789 898 1872 pefiera
912 1791 1009 1851 Poeni.

283 1870 433 1933 Hastenus
456 1869 491 1931 de
505 1871 735 1931 commutatione
760 1875 892 1935 tantum.
916 1872 1005 1933 Nunc
1024 1886 1093 1934 uero
1111 1868 1235 1935 simus&

283 1952 320 2013 de
340 1950 512 2025 additione,
532 1948 754 2034 uderraetione
774 1947 911 2032 copiosius
936 1967 1060 2031 agetur:
1083 1952 1196 2014 tametsi
1212 1951 1235 2013 ir

283 2030 363 2093 hunc
385 2050 503 2171 auoque
531 2028 629 2091 lorum
658 2026 797 2092 omnium‘
816 2031 979 2093 orationem
1000 2029 1172 2095 concludam
1195 2047 1235 2093 ne

283 2112 352 2174 cesse
371 2131 388 2173 e
427 2132 437 2181 3
458 2110 503 2184 sr,
524 2120 671 2192 quotquot
687 2111 860 2173 occurrerint
876 2155 885 2186 ,
905 2110 1038 2192 exempla
1052 2110 1179 2173 conabor
1196 2108 1235 2173 ad·

283 2190 417 2255 scribere.
439 2189 527 2252 Nihil
549 2190 627 2251 enim
650 2189 690 2268 est
705 2190 736 2252 in
753 2192 835 2252 omni
852 2192 982 2253 oratioue
1007 2187 1117 2251 dietum
1135 2236 1144 2265 ‚
1165 2187 1235 2275 quod

282 2272 315 2334 in
337 2272 443 2334 horum
467 2290 570 2352 genere
593 2270 694 2352 aliquo
717 2270 828 2335 dietum
845 2316 854 2348 ,
874 2292 906 2334 ac
923 2269 1160 2352 comprehensum
1182 2288 1235 2332 nou

281 2352 339 2423 stt:
362 2369 396 2414 ut
418 2351 491 2415 illud
514 2350 660 2431 Virgilii:

251 2472 255 2483 ι
359 2434 488 2511 Namque
501 2453 600 2491 manus
614 2431 708 2507 inter,
728 2432 930 2514 mulierumque
949 2454 994 2492 oru
1003 2447 1151 2513 parentum

361 2514 428 2575 Ecce
443 2511 517 2572 levir
525 2512 634 2586 summo
656 2512 691 2571 de
705 2514 806 2574 vertice
821 2511 974 2589 visusJuli

358 2590 486 2653 Fundere
498 2590 591 2649 lumen
606 2604 701 2669 apex,
721 2590 850 2671 taedetque
869 2589 980 2649 innoxia
995 2587 1062 2647 moll

357 2666 486 2728 Lambere
491 2666 613 2738 flamma
629 2690 741 2743 comas,
766 2669 917 2730 &circum
934 2683 1051 2745 tempora
1062 2667 1156 2744 pasci.

315 2750 414 2823 Quam
435 2767 496 2806 rem
517 2745 637 2807 eandem
658 2766 765 2826 magna
784 2742 860 2810 sada
879 2741 909 2806 &
928 2742 1184 2817 commutatione,
1207 2746 1234 2808 ἃ

277 2827 393 2917 additis⁸
413 2846 472 2885 non
491 2824 613 2905 paucis,
643 2824 730 2886 Maro
759 2823 818 2905 ipse
839 2824 1017 2906 persequitur
1036 2822 1068 2887 in
1090 2818 1234 2904 septimo,

278 2929 345 2969 cum
367 2922 434 2968 art:

358 2988 489 3047 Praererea
511 2984 589 3062 castis
604 2983 696 3061 adolet
710 2984 778 3045 dum
795 2984 899 3046 altaria
913 2983 991 3046 redis
1006 3028 1017 3060 ,

355 3070 393 3127 Er
408 3067 490 3147 juxta
503 3066 648 3147 genitorem
663 3064 733 3142 astar
746 3066 871 3126 Lavinia
887 3065 989 3144 Virgo,

355 3149 423 3208 Via
437 3150 451 3224 (
467 3148 545 3226 nefas
558 3148 572 3224 )
587 3144 675 3227 leugis
691 3143 905 3225 comprehendere
918 3141 1038 3206 crinibus
1054 3142 1143 3221 ignem
1158 3186 1169 3218 ,

354 3232 448 3307 Atque
463 3249 568 3287 omnem
582 3244 705 3287 ornatum
714 3222 835 3297 flamma
850 3248 891 3286 cre
908 3225 994 3284 iranre
1018 3221 1129 3283 eremari
1145 3266 1156 3296 ‚

354 3310 398 3366 Re
415 3305 525 3386 alesque
539 3301 650 3383 accensa
663 3326 777 3382 comas,
796 3242 908 3382 accensi
923 3325 1046 3365 coronam

354 3328 488 3467 Indgmm
499 3387 636 3465 gemmis:
659 3404 717 3447 tum
726 3384 843 3464 fumida
859 3385 960 3445 lumine
972 3382 1058 3461 fulvo

354 3464 472 3528 maevi
485 3508 496 3541 ,
514 3488 548 3527 ae
562 3466 626 3525 roris
640 3466 793 3527 Vulcanum
802 3464 927 3554 spargere
941 3461 1033 3522 tediis.

457 3619 459 3624 Ι
504 3546 544 3614 est
566 3545 598 3606 in
614 3562 773 3625 portento,
795 3544 942 3606 locutione
958 3558 1056 3605 autern
1072 3539 1226 3603 admodum

477 3623 480 3628 ’
522 3623 641 3698 auria
661 3622 796 3688 Variatio
815 3623 899 3685 iniis
919 3624 958 3686 est
979 3620 1039 3703 [ut
1056 3640 1133 3682 nunc
1155 3621 1229 3684 loco·

586 3703 732 3782 ,officii,
751 3724 785 3765 ac
807 3719 970 3765 caeterarum
991 3720 1087 3763 rerum
1108 3702 1229 3768 varietu-

626 3801 681 3874 βο
700 3781 944 3866 sunbereflamme
965 3802 1077 3859 comer,
1098 3780 1230 3923 dixirit’
