3034 4559
395 455 457 536 1'54
612 456 663 517 ΙΝ
678 454 861 515 ANDREAE
881 452 1051 511 ALCIATI

436 532 491 597 Ubi
510 555 551 593 res
566 536 680 615 prolate
689 535 772 611 sunt,
793 554 854 594 cum
870 553 917 590 rus
931 528 1051 589 homines
1068 546 1150 591 eurr.

435 614 528 675 Simul
542 614 655 694 prolate
674 636 714 672 res
727 614 798 690 sum
816 611 911 687 uostris
929 609 1075 685 dentibus,

436 691 533 778 ,ρπβ
549 716 611 754 cum
630 692 716 767 calet,
736 691 846 754 cochleae
867 692 896 750 in
916 689 1016 751 occulto
1037 690 1143 764 larem,

437 778 547 854 Suoque
558 772 640 850 succo
661 774 786 847 vivunt,
805 793 847 830 ror
862 768 892 844 fi
908 792 961 831 non
981 770 1074 831 cudit.

438 856 506 913 irem
522 850 657 932 purufiri,
675 851 754 911 rebus
821 851 907 925 luris,
928 850 1034 924 latent,

437 931 589 993 inocculto
610 933 703 1009 miseri
722 869 856 991 viciiiinr
868 932 949 1010 succo
965 930 1035 1008 suo,
1088 948 1099 962 ⁸

437 1015 516 1071 Dum
530 1013 589 1071 ruri
601 1030 697 1071 rurant
712 1009 850 1085 homines,
870 1032 937 1090 quos
952 1009 1103 1090 liguriunt.

440 1091 561 1151 Proluris
580 1091 677 1167 rebus,
696 1089 811 1178 parafiri
829 1090 954 1151 venatici

438 1174 558 1242 Sumus3
578 1174 689 1252 quando
706 1195 750 1231 res
769 1171 924 1245 redierunt,
944 1168 1084 1245 moloffici,

439 1248 627 1331 0dioficiqm,
647 1251 819 1330 multumque
837 1249 1017 1326 comedifiici.

358 1330 431 1394 Hoc
444 1350 480 1392 ex
502 1331 625 1407 Plauto,
646 1350 736 1413 quem
753 1330 852 1394 locum
868 1330 1017 1401 Alcimus,
1037 1327 1061 1388 fi
1080 1341 1114 1388 ut
1132 1323 1307 1391 Grammati-

356 1410 401 1485 εἰ,
421 1411 452 1472 in
466 1431 540 1493 quos
558 1430 620 1476 tam
635 1411 721 1492 sepe,
740 1430 831 1494 quem
846 1410 937 1472 etiam
954 1407 1130 1481 insolenter,
1146 1411 1309 1482 invehitur,

360 1489 566 1565 intellexisset‚
596 1510 656 1555 tam
672 1490 749 1556 foede
772 1491 803 1552 in
820 1506 883 1551 ram
905 1486 1087 1552 manifestum
1111 1504 1241 1551 errorem
1258 1507 1310 1549 non

361 1570 517 1632 incidisset.
539 1572 639 1653 Magis
655 1572 764 1633 mirum
779 1569 837 1643 ess,
856 1568 936 1650 quod
958 1568 1127 1629 Ciceronem
1151 1568 1210 1631 hoc
1225 1569 1309 1651 ipsum

361 1650 478 1729 planius
501 1667 636 1731 egentem
651 1671 712 1712 noo
729 1648 904 1713 intellexerit
921 1669 930 1719 3
951 1668 1021 1710 num
1035 1648 1124 1727 pudet
1138 1646 1236 1710 dicere
1257 1669 1310 1711 non

358 1727 467 1793 viderit
481 1750 496 1799 ;
522 1730 575 1811 qui
590 1730 693 1794 omnia
709 1728 743 1789 δι
759 1728 894 1808 legeret,
913 1726 945 1789 δι
962 1727 1134 1788 meminerat
1150 1772 1158 1787 .
1181 1728 1238 1789 Sed
1258 1729 1310 1800 jam

359 1807 420 1877 ejus
437 1827 578 1879 errorem
598 1830 668 1871 nam
681 1809 720 1869 de
733 1807 912 1872 comestione
925 1806 978 1868 alii
995 1805 1122 1868 viderint
1138 1826 1148 1877 ;
1168 1810 1312 1889 aggredia·

360 1904 452 1948 mur.
482 1886 627 1950 Prolatum
647 1888 764 1967 igitur,
790 1884 852 1949 five
871 1907 914 1946 res
932 1885 1043 1963 prolata
1072 1884 1216 1967 fignificat
1244 1886 1312 1950 illud

363 1981 505 2045 tempus,
532 1985 602 2027 rum
621 1968 731 2029 Praetor
743 1963 831 2027 ceffat
854 1964 955 2036 aJure
974 1964 1122 2041 dicendo,
1152 1986 1221 2028 cum
1240 1968 1314 2041 justi·

362 2044 438 2108 tium
454 2043 598 2109 indiRum
614 2047 683 2121 est,
711 2043 792 2129 quod
808 2061 924 2125 tempus
944 2044 1032 2107 nostri
1057 2045 1213 2186 caugarum
1233 2067 1315 2109 vuu-

362 2124 462 2185 tionem
479 2122 656 2205 appellant.
683 2124 722 2190 In
761 2144 828 2187 uam
842 2121 1086 2205 significationem
1131 2126 1229 2188 lautus
1269 2148 1315 2189 uo·

361 2222 420 2295 que
435 2223 472 2265 eo
486 2206 517 2267 in
533 2206 598 2270 loco
617 2144 847 2269 commoiissrme
866 2224 969 2269 vocem
991 2205 1073 2266 illam
1089 2205 1223 2286 usurpat.
1242 2147 1315 2284 gue-

361 2301 435 2346 ntur
456 2286 535 2346 enim
555 2285 632 2367 apud
650 2305 719 2349 eum
738 2283 877 2366 paramus
895 2283 946 2348 fibi
968 2285 1093 2347 accidere
1114 2285 1231 2362 solere,
1250 2306 1314 2349 cum

362 2383 405 2425 res
431 2364 551 2444 prolutae
579 2365 672 2440 sunt,
698 2365 780 2446 quod
801 2364 924 2431 cochleis
954 2386 1006 2457 per
1026 2365 1153 2426 aestatem
1182 2367 1314 2443 accidit,

360 2462 425 2525 quae
484 2466 497 2505 r
519 2444 593 2508 illud
609 2460 724 2525 tempus
747 2443 799 2507 suo
827 2446 909 2512 suoco
928 2445 1092 2508 vrflitanr.
1120 2447 1271 2517 Quamdiu
1291 2468 1316 2508 e·

361 2522 425 2583 nim
474 2524 534 2589 ires
553 2524 586 2586 in
600 2523 680 2587 Urbe
700 2540 822 2590 manent
842 2568 853 2599 ,
895 2526 1002 2588 aramis
1019 2524 1116 2585 viflus
1137 2528 1315 2590 commodior

362 2601 485 2675 accidi13
505 2605 594 2672 modo
607 2605 689 2667 enim
707 2604 800 2680 bunc,
822 2624 852 2666 m
891 2626 909 2667 ο
926 2603 1017 2667 alium
1035 2602 1139 2663 Civem
1158 2604 1316 2681 serrantur,

362 2698 451 2761 atque
471 2684 548 2763 apud
570 2703 617 2743 eos
640 2684 718 2746 laute
736 2684 919 2763 accipiuntur
939 2702 947 2743 z
968 2700 1034 2742 cum
1048 2701 1120 2741 vero
1138 2681 1160 2739 ii
1178 2705 1227 2745 rus
1243 2708 1316 2749 com·

362 2761 517 2840 migrant,
543 2780 610 2826 tum
631 2763 681 2828 suo
697 2761 746 2822 fibi
763 2762 870 2836 succo,
897 2778 932 2824 ut
946 2759 1069 2822 cochleae
1084 2757 1194 2824 faciunt
1213 2785 1264 2845 per
1285 2787 1316 2827 κ-

362 2838 466 2908 statem
482 2884 492 2915 ,
510 2842 708 2907 vibitaodum
723 2841 787 2905 est'·
816 2841 888 2903 Haec
907 2855 1006 2901 autem
1026 2837 1148 2900 Civium
1172 2864 1219 2904 rus
1240 2866 1316 2908 com·

362 2919 501 3000 migratio
520 2938 613 3004 quoto
632 2942 750 3005 quoque
771 2941 849 2985 anno
865 2964 875 2996 ,
894 2940 961 2983 rum
985 2919 1093 2989 judicia
1114 2922 1315 3001 tollerentur,

363 2999 466 3064 fiebat:
488 3000 516 3065 id
537 3003 616 3085 quod
638 3019 700 3065 erat
720 2999 884 3082 Septembri
906 2999 1019 3077 mense,
1038 3017 1073 3061 ut
1090 3000 1194 3064 Cicero
1211 3005 1247 3066 ad
1266 3010 1315 3067 At-

363 3082 474 3159 ticum,
495 3104 562 3148 cum
578 3084 636 3147 eit:
655 3085 693 3144 Er
704 3082 838 3162 sorraffe,
860 3083 987 3161 quoniam
1006 3082 1119 3141 videtur
1133 3085 1164 3143 in
1173 3086 1316 3168 suffragiis

360 3162 480 3224 uultum
491 3164 566 3242 poffe
579 3162 730 3237 Galliam,
750 3184 812 3224 cum
832 3166 922 3224 Rome
937 3187 956 3223 a
971 3162 1084 3238 iudiciis
1093 3162 1185 3239 forum
1210 3169 1317 3243 resrixr·

302 3296 304 3299 ,
360 3241 421 3315 rit,
437 3264 608 3304 excurremus
623 3242 712 3318 mense
735 3241 888 3322 Septembri
910 3244 950 3305 ad
965 3243 1114 3317 Pisonem,
1135 3264 1167 3303 ur
1181 3250 1205 3324 J
1207 3250 1316 3309 aunario

359 3338 549 3380 reveremur:
579 3320 629 3384 ubi
650 3322 740 3383 etiam
762 3345 803 3382 res
841 3322 941 3384 rolmar
962 3320 1057 3384 forum
1086 3321 1220 3405 refrigere
1241 3348 1259 3388 a
1278 3330 1317 3401 ju·

359 3398 442 3462 diciis
460 3400 577 3479 optima
597 3400 787 3468 translatione
808 3338 1004 3481 issnifimyit.
1035 3400 1076 3462 Ut
1091 3408 1207 3484 prolarae
1231 3430 1271 3469 res
1290 3431 1317 3471 a·

362 3477 422 3559 pud
441 3477 579 3542 Plautum
600 3478 657 3554 fit,
686 3501 755 3542 cum
777 3480 882 3551 judicia
902 3504 963 3544 non
980 3502 1168 3559 exercentur,
1188 3508 1249 3550 non
1270 3509 1317 3552 au·

364 3574 424 3621 tem
445 3575 478 3620 ut
497 3559 629 3620 Alciatus
651 3558 832 3623 somniavit.
861 3560 896 3621 id
916 3563 993 3643 quod
1014 3563 1117 3628 Cicero
1140 3568 1227 3629 modo
1243 3571 1317 3651 judi·

360 3639 462 3700 ciorum
472 3640 652 3719 prolationem
671 3639 764 3715 dixit,
786 3641 873 3704 modo
892 3643 1002 3723 prolatu
1021 3645 1148 3724 judicia,
1169 3666 1232 3728 quae
1250 3654 1318 3712 ina⁴

359 3717 421 3779 liud
438 3733 551 3801 tempus
573 3719 657 3783 effent
677 3718 784 3782 dilata.
807 3724 886 3782 Nam
904 3724 1048 3802 proferre,
1069 3725 1103 3785 de
1123 3727 1201 3797 cujus
1225 3733 1316 3793 Parti.

361 3797 439 3880 cipio
458 3820 536 3862 nunc
559 3800 674 3883 agitur,
695 3800 773 3865 idem
794 3823 871 3866 nunc
888 3802 957 3882 est,
978 3806 1056 3887 quod
1076 3807 1211 3886 differre,
1232 3828 1317 3893 atque

1255 3916 1284 3951 W
