3034 4559
601 463 631 526 R
672 463 701 525 Ε
744 466 773 528 R
814 465 844 528 U
875 463 940 527 ’Μ.
1056 523 1058 527 1
1141 488 1199 549 249
1258 466 1261 473 '

275 544 414 607 mirandi
432 542 501 606 ratio
516 544 669 626 plurimum
689 546 815 606 conducit
834 549 864 607 in
883 543 956 606 omni
969 546 1121 625 facultater
1219 548 1238 612 6

282 628 331 687 Ad
350 626 516 685 imitandum
537 624 629 686 Cicero
644 622 810 703 propofitur.
1085 645 1129 707 52.
1145 646 1190 708 53,
1201 648 1240 710 54

279 705 331 766 Aa
350 706 517 766 imitandum
531 703 638 783 semper
662 703 775 785 aliquid
793 702 974 784 relinquitur.
1045 715 1047 718 '

279 784 330 850 Ad
349 785 518 845 imitandum
538 785 568 843 in
587 804 697 864 quaque
710 782 848 863 facultate
866 783 995 845 Anilorer
1013 786 1107 867 optimi
1121 784 1240 870 proposi·

319 863 345 922 ti
363 866 414 943 effi·
432 864 545 925 debent.
1195 888 1238 948 ²4

277 944 412 1020 Imitari,
432 941 577 1019 emulari,
602 933 686 1023 siqui
705 944 760 1003 tria
784 943 855 1021 fiant
869 944 974 1005 omnino
987 945 1077 1027 specie
1096 946 1236 1024 diverfir‚

313 1046 408 1118 genere
427 1041 518 1084 tamen
537 1024 657 1102 quodam
674 1021 716 1097 stc
727 1023 799 1101 sunt
812 1022 936 1099 fmilia,
951 1042 983 1084 ut
1003 1027 1077 1106 quod
1092 1026 1131 1103 stt
1145 1027 1239 1103 aliur,
1354 1086 1358 1094 ,

315 1104 432 1181 vicrffim
451 1104 491 1164 ad
509 1102 583 1163 alins
602 1104 817 1165 commoditatem
839 1104 979 1182 tramserrt'
994 1106 1087 1187 poffit.
1198 1126 1236 1187 59

277 1181 383 1243 Imitari
403 1183 452 1263 qni
471 1184 615 1244 dicantur.
1194 1208 1237 1265 44

276 1263 385 1322 Imitari
404 1263 453 1342 qui
473 1286 525 1323 non
544 1263 688 1324 dicantur.
1164 1264 1238 1329 ibid.

276 1343 399 1402 Imitatio
418 1341 573 1423 eloquentie
592 1342 680 1403 tribus
700 1343 731 1403 in
750 1342 831 1405 rebus
849 1343 989 1421 versraturr
1194 1365 1234 1425 43
1262 1384 1266 1393 -

257 1422 396 1482 ¹Imitatio
414 1445 472 1501 qna
491 1423 595 1482 ratione
612 1423 759 1501 sarienda.
1081 1425 1238 1505 46147148

273 1501 395 1561 Imitatio
414 1502 497 1562 datar
518 1503 547 1560 in
568 1526 595 1562 re
614 1501 764 1581 multiplici
783 1547 792 1578 ,
812 1526 864 1564 non
880 1500 1015 1583 stmplicir
1048 1534 1050 1543 s
1195 1526 1238 1584 44

255 1584 321 1655 ‘De
340 1581 489 1641 imitatione
510 1580 701 1641 Bartholomaei
720 1583 809 1644 Riccii
822 1582 975 1660 sententia.
1198 1603 1238 1645 20

261 1662 322 1720 'De
341 1660 492 1721 imitatione
513 1662 647 1741 opiniones
662 1662 729 1722 dure
748 1684 801 1722 non
820 1662 919 1723 leviter
946 1661 1063 1739 interse
1080 1661 1240 1805 differetur}

316 1756 372 1798 tes.
1145 1788 1148 1792 .

273 1812 319 1879 Εκ
337 1819 490 1881 imitatione
508 1821 621 1902 aliquid
633 1822 742 1904 semper
761 1822 948 1883 animadverti
968 1821 1070 1906 potest.
1178 1841 1237 1883 202

274 1899 308 1957 In
327 1897 484 1960 imitatione
504 1924 564 1981 que
583 1900 770 1979 observanda.
1159 1949 1162 1953 ›
1195 1905 1234 1984 26

272 1978 455 2038 Imitationem
467 1980 759 2059 Cicero‚(9¹Virgiliur
773 1980 981 2062 laudarnotr&
1019 1982 1176 2060 restiterunt.
1199 1983 1245 2043 16*

276 2058 327 2118 Aa
347 2056 524 2118 imitationem
541 2061 602 2119 dua
618 2061 692 2134 vie,
707 2061 821 2119 docendi
836 2082 909 2137 una,
919 2061 978 2137 scri
997 2060 1067 2119 endi
1079 2060 1181 2120 altera.
1198 2080 1238 2138 39

274 2137 441 2197 imitationis
459 2137 591 2197 lauder.·
832 2183 837 2191 .
883 2190 886 2194 .
1003 2183 1006 2187 -
1217 2143 1237 2202 6

270 2215 436 2281 Imitationis
450 2232 598 2297 pratrpta.
918 2260 921 2266 ·
1088 2236 1132 2297 51.
1144 2236 1188 2297 52.
1200 2238 1238 2301 53

271 2297 427 2371 imitatores
445 2295 501 2377 ipss
518 2298 635 2374 interse
647 2297 732 2375 suan
751 2296 865 2359 laudm
887 2294 1006 2358 babent.
1198 2314 1232 2379 13

272 2376 459 2456 Imprefforum
473 2374 649 2451 similitudo.
1193 2400 1236 2457 44

272 2456 437 2612 'niustria'
457 2474 541 2538 atque
555 2456 648 2535 studio
667 2458 875 2539 comparanda,
896 2478 956 2539 que
975 2453 1049 2520 nobis
1070 2474 1169 2525 natura
1187 2460 1236 2519 de·-

325 2553 391 2596 unt.
625 2588 627 2592 .
657 2544 661 2554 “
705 2543 713 2592 ’.
743 2581 745 2585 -
773 2554 779 2565 “
1196 2554 1235 2598 22

270 2615 429 2693 Industria,
441 2607 546 2696 studii,
567 2635 648 2698 atque
666 2613 816 2697 diligentie
837 2615 922 2677 vio.·
1140 2636 1185 2678 22.
1195 2636 1231 2698 23

272 2696 386 2774 Ingenia
411 2695 553 2758 bominum
579 2698 740 2781 plerumque
768 2697 871 2774 vitia,
899 2717 985 2779 quam
1004 2698 1149 2775 virtuter,
1169 2708 1232 2760 mni

313 2776 370 2834 tius
394 2778 555 2839 attendunt.
1212 2794 1235 2859 7

271 2855 380 2935 Ingenii
398 2859 499 2918 ceteris
516 2857 645 2936 partibus
663 2858 800 2935 iudicium
818 2857 898 2938 longe
910 2856 1034 2938 prestat.
1174 2872 1232 2937 173

273 2936 339 3015 ‚Qui
354 2935 459 3015 ingenio
475 2936 637 2996 iucundiori
646 2940 717 3012 sunt
733 2981 745 3011 5
762 2960 797 2997 err
812 2938 928 3013 Platone
941 2938 980 2996 ad
994 2937 1157 3018 disciplinae
1170 2940 1233 3017 qoi-

312 3013 376 3073 dem
392 3014 581 3110 percipiendas
599 3017 660 3096 apti
674 3018 769 3090 sunt,
797 3015 836 3075 ad
861 3019 954 3094 Remp.
973 3034 1065 3075 autem
1080 3014 1233 3094 gubernan-

312 3093 380 3152 dam
401 3093 526 3154 mimme.
1175 3094 1233 3155 128

271 3170 322 3235 Ab
343 3174 432 3256 initiis
445 3174 509 3250 suis
527 3188 627 3234 natura
646 3194 687 3234 res
707 3193 814 3250 omnes,
832 3193 866 3235 ao
885 3170 967 3253 quast
981 3172 1133 3249 eond0‚aa
1146 3175 1233 3251 jurem

280 3307 283 3313 ,
308 3252 449 3328 summum
464 3255 646 3334 perveniunt.
1190 3272 1210 3332 7

272 3330 385 3411 Ins'uria
404 3332 458 3392 illa
479 3332 560 3395 nulla
579 3330 703 3393 habenda
723 3331 784 3410 est,
805 3355 864 3412 que
885 3331 968 3412 nostro
984 3333 1077 3394 merito
1097 3331 1175 3397 nobis
1189 3333 1231 3474 in6·

329 3429 416 3472 error.
550 3462 553 3468 .
1174 3433 1209 3474 12

271 3414 385 3569 Iniuria
404 3514 423 3551 a
442 3491 540 3571 quibus
559 3494 707 3569 infiratur.
1173 3511 1230 3571 127

272 3572 382 3650 Iniuria
400 3569 505 3632 homini
528 3569 631 3633 dnobus
650 3570 770 3632 maxime
788 3572 876 3633 modis
888 3567 943 3646 fit,
1172 3588 1239 3652 145

271 3650 411 3729 Iniuria,
430 3674 489 3731 que
498 3650 609 3728 „homini
627 3650 665 3713 ab
684 3650 792 3713 bomine
810 3653 980 3730 inseramur.
1013 3652 1228 3734 127.128.129.

317 3750 331 3790 1
355 3750 405 3793 0.1
433 3751 481 3791 1.1
509 3751 534 3791 2⁴

272 3748 383 3889 Injuiiae
398 3750 527 3891 ‚3quae3a
540 3812 678 3891 fortuna,
698 3811 752 3889 vel·
767 3810 832 3889 castr
846 3807 1066 3898 prfiriscnntur.
1097 3827 1226 3893 132.133

1143 3895 1175 3950 In
