<?xml version="1.0" encoding="UTF-8"?>
<!DOCTYPE html PUBLIC "-//W3C//DTD XHTML 1.0 Transitional//EN"
    "http://www.w3.org/TR/xhtml1/DTD/xhtml1-transitional.dtd">
<html xmlns="http://www.w3.org/1999/xhtml" xml:lang="en" lang="en">
 <head>
  <title>
</title>
<meta http-equiv="Content-Type" content="text/html;charset=utf-8" />
  <meta name='ocr-system' content='tesseract 3.04.00' />
  <meta name='ocr-capabilities' content='ocr_page ocr_carea ocr_par ocr_line ocrx_word'/>
</head>
<body>
  <div class='ocr_page' id='page_1' title='image "./operumtomusprim01riccgoog/operumtomusprim01riccgoog_0038.png"; bbox 0 0 3034 4559; ppageno 0'>
   <div class='ocr_carea' id='block_1_1' title="bbox 348 443 1320 3535">
    <p class='ocr_par' dir='ltr' id='par_1_1' title="bbox 348 443 1320 3535">
     <span class='ocr_line' id='line_1_1' title="bbox 397 443 1117 524; baseline 0.001 -20"><span class='ocrx_word' id='word_1_1' title='bbox 397 464 435 524; x_wconf 87' lang='lat'>34</span> <span class='ocrx_word' id='word_1_2' title='bbox 564 443 1117 514; x_wconf 60' lang='lat' dir='ltr'><em>DRIMITATIONE</em></span> 
     </span>
     <span class='ocr_line' id='line_1_2' title="bbox 355 520 1315 601; baseline 0.002 -16"><span class='ocrx_word' id='word_1_3' title='bbox 355 523 510 596; x_wconf 88' lang='lat' dir='ltr'>deliorem,</span> <span class='ocrx_word' id='word_1_4' title='bbox 532 541 566 582; x_wconf 90' lang='lat' dir='ltr'>ac</span> <span class='ocrx_word' id='word_1_5' title='bbox 588 520 682 601; x_wconf 90' lang='lat' dir='ltr'>magis</span> <span class='ocrx_word' id='word_1_6' title='bbox 699 538 827 583; x_wconf 87' lang='lat' dir='ltr'>atrocem</span> <span class='ocrx_word' id='word_1_7' title='bbox 848 520 951 594; x_wconf 66' lang='lat' dir='ltr'>saciet,</span> <span class='ocrx_word' id='word_1_8' title='bbox 972 539 1055 585; x_wconf 88' lang='lat' dir='ltr'>tanto</span> <span class='ocrx_word' id='word_1_9' title='bbox 1073 524 1109 584; x_wconf 91' lang='lat' dir='ltr'>ab</span> <span class='ocrx_word' id='word_1_10' title='bbox 1123 544 1158 585; x_wconf 92' lang='lat' dir='ltr'>eo</span> <span class='ocrx_word' id='word_1_11' title='bbox 1174 524 1315 593; x_wconf 80' lang='lat' dir='ltr'>majorem</span> 
     </span>
     <span class='ocr_line' id='line_1_3' title="bbox 357 599 1317 683; baseline -0.001 -17"><span class='ocrx_word' id='word_1_12' title='bbox 357 603 408 666; x_wconf 88' lang='lat' dir='ltr'>fibi</span> <span class='ocrx_word' id='word_1_13' title='bbox 428 600 562 681; x_wconf 82' lang='lat' dir='ltr'>plausum</span> <span class='ocrx_word' id='word_1_14' title='bbox 584 599 749 676; x_wconf 82' lang='lat' dir='ltr'>excitabit,</span> <span class='ocrx_word' id='word_1_15' title='bbox 779 618 920 683; x_wconf 88' lang='lat' dir='ltr'>tantoque</span> <span class='ocrx_word' id='word_1_16' title='bbox 948 603 1008 673; x_wconf 86' lang='lat' dir='ltr'>ejus</span> <span class='ocrx_word' id='word_1_17' title='bbox 1029 604 1154 683; x_wconf 76' lang='lat' dir='ltr'>gratiam</span> <span class='ocrx_word' id='word_1_18' title='bbox 1174 604 1261 667; x_wconf 91' lang='lat' dir='ltr'>inibit</span> <span class='ocrx_word' id='word_1_19' title='bbox 1283 624 1317 665; x_wconf 86' lang='lat' dir='ltr'>ae·</span> 
     </span>
     <span class='ocr_line' id='line_1_4' title="bbox 380 681 1317 765; baseline 0 -22"><span class='ocrx_word' id='word_1_20' title='bbox 380 684 508 756; x_wconf 81' lang='lat' dir='ltr'>piorem.</span> <span class='ocrx_word' id='word_1_21' title='bbox 528 682 570 744; x_wconf 85' lang='lat' dir='ltr'>At</span> <span class='ocrx_word' id='word_1_22' title='bbox 590 682 695 741; x_wconf 80' lang='lat' dir='ltr'>Seneca</span> <span class='ocrx_word' id='word_1_23' title='bbox 716 702 784 743; x_wconf 92' lang='lat' dir='ltr'>cum</span> <span class='ocrx_word' id='word_1_24' title='bbox 805 681 834 743; x_wconf 91' lang='lat' dir='ltr'>id</span> <span class='ocrx_word' id='word_1_25' title='bbox 855 681 1024 762; x_wconf 81' lang='lat' dir='ltr'>exequitur,</span> <span class='ocrx_word' id='word_1_26' title='bbox 1045 683 1133 764; x_wconf 89' lang='lat' dir='ltr'>usque</span> <span class='ocrx_word' id='word_1_27' title='bbox 1149 704 1184 745; x_wconf 93' lang='lat' dir='ltr'>eo</span> <span class='ocrx_word' id='word_1_28' title='bbox 1204 701 1317 765; x_wconf 88' lang='lat' dir='ltr'>partem</span> 
     </span>
     <span class='ocr_line' id='line_1_5' title="bbox 357 704 1316 843; baseline 0 -18"><span class='ocrx_word' id='word_1_29' title='bbox 357 704 442 825; x_wconf 73' lang='lat' dir='ltr'>illam</span> <span class='ocrx_word' id='word_1_30' title='bbox 475 762 659 841; x_wconf 88' lang='lat' dir='ltr'>integerrime</span> <span class='ocrx_word' id='word_1_31' title='bbox 687 762 822 839; x_wconf 82' lang='lat' dir='ltr'>praestat,</span> <span class='ocrx_word' id='word_1_32' title='bbox 852 778 885 823; x_wconf 91' lang='lat' dir='ltr'>ut</span> <span class='ocrx_word' id='word_1_33' title='bbox 914 763 1002 823; x_wconf 89' lang='lat' dir='ltr'>miras</span> <span class='ocrx_word' id='word_1_34' title='bbox 1032 763 1108 823; x_wconf 85' lang='lat' dir='ltr'>inter</span> <span class='ocrx_word' id='word_1_35' title='bbox 1127 762 1242 843; x_wconf 89' lang='lat' dir='ltr'>questus</span> <span class='ocrx_word' id='word_1_36' title='bbox 1272 784 1316 825; x_wconf 86' lang='lat' dir='ltr'>ac·</span> 
     </span>
     <span class='ocr_line' id='line_1_6' title="bbox 360 840 1316 918; baseline 0 -13"><span class='ocrx_word' id='word_1_37' title='bbox 360 842 550 905; x_wconf 80' lang='lat' dir='ltr'>clamationes</span> <span class='ocrx_word' id='word_1_38' title='bbox 568 840 694 901; x_wconf 88' lang='lat' dir='ltr'>auditori</span> <span class='ocrx_word' id='word_1_39' title='bbox 711 840 762 901; x_wconf 93' lang='lat' dir='ltr'>suo</span> <span class='ocrx_word' id='word_1_40' title='bbox 781 859 984 904; x_wconf 86' lang='lat' dir='ltr'>commoveat.</span> <span class='ocrx_word' id='word_1_41' title='bbox 1004 842 1086 917; x_wconf 90' lang='lat' dir='ltr'>Quin</span> <span class='ocrx_word' id='word_1_42' title='bbox 1101 843 1238 918; x_wconf 87' lang='lat' dir='ltr'>etiam,si</span> <span class='ocrx_word' id='word_1_43' title='bbox 1255 860 1316 905; x_wconf 86' lang='lat' dir='ltr'>tau·</span> 
     </span>
     <span class='ocr_line' id='line_1_7' title="bbox 348 918 1316 1011; baseline -0.002 -26"><span class='ocrx_word' id='word_1_44' title='bbox 348 938 425 995; x_wconf 65' lang='lat' dir='ltr'>„tum</span> <span class='ocrx_word' id='word_1_45' title='bbox 447 920 561 1001; x_wconf 85' lang='lat' dir='ltr'>legatur</span> <span class='ocrx_word' id='word_1_46' title='bbox 581 918 666 989; x_wconf 86' lang='lat' dir='ltr'>huius</span> <span class='ocrx_word' id='word_1_47' title='bbox 688 918 809 996; x_wconf 87' lang='lat' dir='ltr'>sabula,</span> <span class='ocrx_word' id='word_1_48' title='bbox 830 941 923 1011; x_wconf 89' lang='lat' dir='ltr'>neque</span> <span class='ocrx_word' id='word_1_49' title='bbox 945 922 1005 983; x_wconf 90' lang='lat' dir='ltr'>ullo</span> <span class='ocrx_word' id='word_1_50' title='bbox 1026 922 1189 1002; x_wconf 75' lang='lat' dir='ltr'>spesiaculo</span> <span class='ocrx_word' id='word_1_51' title='bbox 1209 924 1242 986; x_wconf 89' lang='lat' dir='ltr'>in</span> <span class='ocrx_word' id='word_1_52' title='bbox 1262 924 1316 984; x_wconf 90' lang='lat' dir='ltr'>sce·</span> 
     </span>
     <span class='ocr_line' id='line_1_8' title="bbox 353 999 1315 1090; baseline -0.002 -24"><span class='ocrx_word' id='word_1_53' title='bbox 353 1000 399 1066; x_wconf 86' lang='lat' dir='ltr'>nis</span> <span class='ocrx_word' id='word_1_54' title='bbox 427 1017 557 1090; x_wconf 80' lang='lat' dir='ltr'>agatur,</span> <span class='ocrx_word' id='word_1_55' title='bbox 585 999 646 1069; x_wconf 89' lang='lat' dir='ltr'>ejus</span> <span class='ocrx_word' id='word_1_56' title='bbox 676 1015 759 1061; x_wconf 86' lang='lat' dir='ltr'>tanta</span> <span class='ocrx_word' id='word_1_57' title='bbox 785 1000 825 1061; x_wconf 85' lang='lat' dir='ltr'>est</span> <span class='ocrx_word' id='word_1_58' title='bbox 852 1016 972 1073; x_wconf 83' lang='lat' dir='ltr'>virtus,</span> <span class='ocrx_word' id='word_1_59' title='bbox 1002 1017 1034 1061; x_wconf 90' lang='lat' dir='ltr'>ut</span> <span class='ocrx_word' id='word_1_60' title='bbox 1057 1002 1166 1076; x_wconf 89' lang='lat' dir='ltr'>etiam,</span> <span class='ocrx_word' id='word_1_61' title='bbox 1187 1002 1256 1084; x_wconf 67' lang='lat' dir='ltr'>,qui</span> <span class='ocrx_word' id='word_1_62' title='bbox 1277 1002 1315 1064; x_wconf 86' lang='lat' dir='ltr'>le·</span> 
     </span>
     <span class='ocr_line' id='line_1_9' title="bbox 358 1079 1315 1172; baseline 0.006 -32"><span class='ocrx_word' id='word_1_63' title='bbox 358 1081 422 1161; x_wconf 88' lang='lat' dir='ltr'>git,</span> <span class='ocrx_word' id='word_1_64' title='bbox 445 1100 469 1141; x_wconf 84' lang='lat' dir='ltr'>is</span> <span class='ocrx_word' id='word_1_65' title='bbox 490 1080 533 1142; x_wconf 90' lang='lat' dir='ltr'>ita</span> <span class='ocrx_word' id='word_1_66' title='bbox 549 1096 770 1141; x_wconf 86' lang='lat' dir='ltr'>commoveatur</span> <span class='ocrx_word' id='word_1_67' title='bbox 787 1122 796 1155; x_wconf 93' lang='lat'>,</span> <span class='ocrx_word' id='word_1_68' title='bbox 812 1080 885 1149; x_wconf 74' lang='lat' dir='ltr'>urst</span> <span class='ocrx_word' id='word_1_69' title='bbox 906 1100 1044 1155; x_wconf 75' lang='lat' dir='ltr'>vereea,</span> <span class='ocrx_word' id='word_1_70' title='bbox 1064 1102 1127 1164; x_wconf 79' lang='lat' dir='ltr'>quae</span> <span class='ocrx_word' id='word_1_71' title='bbox 1144 1081 1236 1172; x_wconf 80' lang='lat' dir='ltr'>legit,</span> <span class='ocrx_word' id='word_1_72' title='bbox 1255 1079 1315 1162; x_wconf 83' lang='lat' dir='ltr'>geri</span> 
     </span>
     <span class='ocr_line' id='line_1_10' title="bbox 358 1158 1315 1243; baseline 0.007 -22"><span class='ocrx_word' id='word_1_73' title='bbox 358 1159 489 1234; x_wconf 87' lang='lat' dir='ltr'>videret,</span> <span class='ocrx_word' id='word_1_74' title='bbox 511 1167 600 1240; x_wconf 84' lang='lat' dir='ltr'>atque</span> <span class='ocrx_word' id='word_1_75' title='bbox 621 1176 689 1221; x_wconf 92' lang='lat' dir='ltr'>ante</span> <span class='ocrx_word' id='word_1_76' title='bbox 711 1158 809 1221; x_wconf 90' lang='lat' dir='ltr'>oculos</span> <span class='ocrx_word' id='word_1_77' title='bbox 831 1158 923 1239; x_wconf 83' lang='lat' dir='ltr'>posita</span> <span class='ocrx_word' id='word_1_78' title='bbox 938 1176 1083 1236; x_wconf 90' lang='lat' dir='ltr'>cerneret,</span> <span class='ocrx_word' id='word_1_79' title='bbox 1101 1182 1219 1243; x_wconf 84' lang='lat' dir='ltr'>gravius</span> <span class='ocrx_word' id='word_1_80' title='bbox 1240 1160 1315 1228; x_wconf 74' lang='lat' dir='ltr'>affici</span> 
     </span>
     <span class='ocr_line' id='line_1_11' title="bbox 358 1238 1315 1322; baseline 0.004 -20"><span class='ocrx_word' id='word_1_81' title='bbox 358 1241 419 1302; x_wconf 87' lang='lat' dir='ltr'>iton</span> <span class='ocrx_word' id='word_1_82' title='bbox 439 1238 545 1319; x_wconf 85' lang='lat' dir='ltr'>posset.</span> <span class='ocrx_word' id='word_1_83' title='bbox 565 1240 659 1305; x_wconf 85' lang='lat' dir='ltr'>Chori</span> <span class='ocrx_word' id='word_1_84' title='bbox 680 1240 711 1300; x_wconf 93' lang='lat' dir='ltr'>in</span> <span class='ocrx_word' id='word_1_85' title='bbox 723 1240 884 1319; x_wconf 78' lang='lat' dir='ltr'>Tragoedia</span> <span class='ocrx_word' id='word_1_86' title='bbox 904 1240 957 1300; x_wconf 88' lang='lat' dir='ltr'>nisr</span> <span class='ocrx_word' id='word_1_87' title='bbox 978 1261 1046 1302; x_wconf 91' lang='lat' dir='ltr'>cum</span> <span class='ocrx_word' id='word_1_88' title='bbox 1067 1261 1097 1301; x_wconf 91' lang='lat' dir='ltr'>re</span> <span class='ocrx_word' id='word_1_89' title='bbox 1119 1242 1180 1322; x_wconf 91' lang='lat' dir='ltr'>ipsa</span> <span class='ocrx_word' id='word_1_90' title='bbox 1200 1241 1315 1309; x_wconf 68' lang='lat' dir='ltr'>conseur</span> 
     </span>
     <span class='ocr_line' id='line_1_12' title="bbox 361 1318 1316 1461; baseline 0 -80"><span class='ocrx_word' id='word_1_91' title='bbox 361 1320 456 1393; x_wconf 87' lang='lat' dir='ltr'>tiant,</span> <span class='ocrx_word' id='word_1_92' title='bbox 478 1319 530 1380; x_wconf 86' lang='lat' dir='ltr'>nifi</span> <span class='ocrx_word' id='word_1_93' title='bbox 550 1318 629 1399; x_wconf 90' lang='lat' dir='ltr'>pleni</span> <span class='ocrx_word' id='word_1_94' title='bbox 650 1318 896 1393; x_wconf 84' lang='lat' dir='ltr'>sintsententiis,</span> <span class='ocrx_word' id='word_1_95' title='bbox 918 1319 970 1382; x_wconf 82' lang='lat' dir='ltr'>nisi</span> <span class='ocrx_word' id='word_1_96' title='bbox 992 1340 1072 1402; x_wconf 85' lang='lat' dir='ltr'>aeque</span> <span class='ocrx_word' id='word_1_97' title='bbox 1092 1321 1207 1394; x_wconf 89' lang='lat' dir='ltr'>scelus,</span> <span class='ocrx_word' id='word_1_98' title='bbox 1228 1338 1316 1461; x_wconf 70' lang='lat' dir='ltr'>atquc</span> 
     </span>
     <span class='ocr_line' id='line_1_13' title="bbox 360 1397 1315 1474; baseline 0.004 -15"><span class='ocrx_word' id='word_1_99' title='bbox 360 1398 390 1460; x_wconf 92' lang='lat' dir='ltr'>di</span> <span class='ocrx_word' id='word_1_100' title='bbox 413 1418 484 1459; x_wconf 89' lang='lat' dir='ltr'>num</span> <span class='ocrx_word' id='word_1_101' title='bbox 504 1397 557 1472; x_wconf 89' lang='lat' dir='ltr'>est,</span> <span class='ocrx_word' id='word_1_102' title='bbox 578 1398 790 1474; x_wconf 83' lang='lat' dir='ltr'>lamententur,</span> <span class='ocrx_word' id='word_1_103' title='bbox 814 1415 865 1461; x_wconf 87' lang='lat' dir='ltr'>aut</span> <span class='ocrx_word' id='word_1_104' title='bbox 874 1417 994 1472; x_wconf 87' lang='lat' dir='ltr'>contra,</span> <span class='ocrx_word' id='word_1_105' title='bbox 1021 1401 1162 1463; x_wconf 86' lang='lat' dir='ltr'>virtutem</span> <span class='ocrx_word' id='word_1_106' title='bbox 1184 1401 1264 1466; x_wconf 91' lang='lat' dir='ltr'>laudi</span> <span class='ocrx_word' id='word_1_107' title='bbox 1285 1415 1315 1465; x_wconf 80' lang='lat' dir='ltr'>ut</span> 
     </span>
     <span class='ocr_line' id='line_1_14' title="bbox 360 1420 1314 1567; baseline 0.005 -28"><span class='ocrx_word' id='word_1_108' title='bbox 360 1420 483 1555; x_wconf 60' lang='lat' dir='ltr'>esserant</span> <span class='ocrx_word' id='word_1_109' title='bbox 503 1478 638 1567; x_wconf 89' lang='lat' dir='ltr'>paribus,</span> <span class='ocrx_word' id='word_1_110' title='bbox 659 1478 682 1540; x_wconf 90' lang='lat' dir='ltr'>ii</span> <span class='ocrx_word' id='word_1_111' title='bbox 704 1478 780 1541; x_wconf 90' lang='lat' dir='ltr'>vitio</span> <span class='ocrx_word' id='word_1_112' title='bbox 799 1478 901 1561; x_wconf 90' lang='lat' dir='ltr'>aliquo</span> <span class='ocrx_word' id='word_1_113' title='bbox 921 1499 1016 1542; x_wconf 85' lang='lat' dir='ltr'>carere</span> <span class='ocrx_word' id='word_1_114' title='bbox 1031 1500 1091 1541; x_wconf 89' lang='lat' dir='ltr'>non</span> <span class='ocrx_word' id='word_1_115' title='bbox 1105 1480 1236 1561; x_wconf 88' lang='lat' dir='ltr'>possunt.</span> <span class='ocrx_word' id='word_1_116' title='bbox 1258 1477 1314 1544; x_wconf 85' lang='lat' dir='ltr'>Ubi</span> 
     </span>
     <span class='ocr_line' id='line_1_15' title="bbox 359 1557 1317 1639; baseline 0 -18"><span class='ocrx_word' id='word_1_117' title='bbox 359 1575 462 1621; x_wconf 79' lang='lat' dir='ltr'>autem</span> <span class='ocrx_word' id='word_1_118' title='bbox 483 1557 531 1619; x_wconf 87' lang='lat' dir='ltr'>hic</span> <span class='ocrx_word' id='word_1_119' title='bbox 552 1557 646 1620; x_wconf 86' lang='lat' dir='ltr'>noller</span> <span class='ocrx_word' id='word_1_120' title='bbox 666 1558 762 1638; x_wconf 88' lang='lat' dir='ltr'>legem</span> <span class='ocrx_word' id='word_1_121' title='bbox 782 1578 847 1620; x_wconf 90' lang='lat' dir='ltr'>eam</span> <span class='ocrx_word' id='word_1_122' title='bbox 867 1580 926 1621; x_wconf 88' lang='lat' dir='ltr'>uon</span> <span class='ocrx_word' id='word_1_123' title='bbox 943 1558 1097 1639; x_wconf 87' lang='lat' dir='ltr'>diligenter</span> <span class='ocrx_word' id='word_1_124' title='bbox 1117 1558 1317 1631; x_wconf 79' lang='lat' dir='ltr'>custodiverit,</span> 
     </span>
     <span class='ocr_line' id='line_1_16' title="bbox 360 1636 1315 1717; baseline 0.003 -17"><span class='ocrx_word' id='word_1_125' title='bbox 360 1658 396 1700; x_wconf 86' lang='lat' dir='ltr'>ac</span> <span class='ocrx_word' id='word_1_126' title='bbox 424 1636 560 1717; x_wconf 87' lang='lat' dir='ltr'>religiose</span> <span class='ocrx_word' id='word_1_127' title='bbox 591 1636 790 1713; x_wconf 87' lang='lat' dir='ltr'>conservarit,</span> <span class='ocrx_word' id='word_1_128' title='bbox 820 1637 868 1700; x_wconf 92' lang='lat' dir='ltr'>ubi</span> <span class='ocrx_word' id='word_1_129' title='bbox 899 1657 958 1701; x_wconf 91' lang='lat' dir='ltr'>non</span> <span class='ocrx_word' id='word_1_130' title='bbox 987 1659 1020 1699; x_wconf 90' lang='lat' dir='ltr'>ea</span> <span class='ocrx_word' id='word_1_131' title='bbox 1047 1638 1147 1699; x_wconf 85' lang='lat' dir='ltr'>omnia</span> <span class='ocrx_word' id='word_1_132' title='bbox 1168 1639 1315 1704; x_wconf 80' lang='lat' dir='ltr'>cumulare</span> 
     </span>
     <span class='ocr_line' id='line_1_17' title="bbox 358 1715 1316 1799; baseline 0.002 -23"><span class='ocrx_word' id='word_1_133' title='bbox 358 1716 544 1799; x_wconf 83' lang='lat' dir='ltr'>praestirerit,</span> <span class='ocrx_word' id='word_1_134' title='bbox 565 1716 615 1778; x_wconf 89' lang='lat' dir='ltr'>ubi</span> <span class='ocrx_word' id='word_1_135' title='bbox 636 1717 748 1799; x_wconf 57' lang='lat' dir='ltr'>aliquas</span> <span class='ocrx_word' id='word_1_136' title='bbox 770 1717 939 1792; x_wconf 84' lang='lat' dir='ltr'>admiserit,</span> <span class='ocrx_word' id='word_1_137' title='bbox 960 1718 1078 1797; x_wconf 73' lang='lat' dir='ltr'>expedio</span> <span class='ocrx_word' id='word_1_138' title='bbox 1093 1760 1104 1791; x_wconf 88' lang='lat'>,</span> <span class='ocrx_word' id='word_1_139' title='bbox 1122 1715 1174 1797; x_wconf 88' lang='lat' dir='ltr'>qui</span> <span class='ocrx_word' id='word_1_140' title='bbox 1196 1737 1246 1778; x_wconf 92' lang='lat' dir='ltr'>me</span> <span class='ocrx_word' id='word_1_141' title='bbox 1268 1717 1316 1783; x_wconf 76' lang='lat' dir='ltr'>do,-</span> 
     </span>
     <span class='ocr_line' id='line_1_18' title="bbox 358 1794 1316 1876; baseline 0.006 -20"><span class='ocrx_word' id='word_1_142' title='bbox 358 1811 460 1864; x_wconf 87' lang='lat' dir='ltr'>ceant.</span> <span class='ocrx_word' id='word_1_143' title='bbox 480 1795 568 1871; x_wconf 91' lang='lat' dir='ltr'>Quod</span> <span class='ocrx_word' id='word_1_144' title='bbox 591 1812 705 1858; x_wconf 89' lang='lat' dir='ltr'>tantum</span> <span class='ocrx_word' id='word_1_145' title='bbox 723 1796 817 1872; x_wconf 89' lang='lat' dir='ltr'>abest,</span> <span class='ocrx_word' id='word_1_146' title='bbox 839 1815 872 1859; x_wconf 89' lang='lat' dir='ltr'>ut</span> <span class='ocrx_word' id='word_1_147' title='bbox 885 1795 968 1859; x_wconf 85' lang='lat' dir='ltr'>facile</span> <span class='ocrx_word' id='word_1_148' title='bbox 1007 1795 1110 1869; x_wconf 84' lang='lat' dir='ltr'>ossint,</span> <span class='ocrx_word' id='word_1_149' title='bbox 1131 1811 1164 1856; x_wconf 94' lang='lat' dir='ltr'>ut</span> <span class='ocrx_word' id='word_1_150' title='bbox 1185 1794 1316 1876; x_wconf 80' lang='lat' dir='ltr'>[sicum</span> 
     </span>
     <span class='ocr_line' id='line_1_19' title="bbox 362 1816 1315 1964; baseline 0 -26"><span class='ocrx_word' id='word_1_151' title='bbox 362 1874 417 1938; x_wconf 92' lang='lat' dir='ltr'>hoc</span> <span class='ocrx_word' id='word_1_152' title='bbox 438 1875 595 1964; x_wconf 85' lang='lat' dir='ltr'>aliquando</span> <span class='ocrx_word' id='word_1_153' title='bbox 613 1878 739 1958; x_wconf 80' lang='lat' dir='ltr'>aequiore</span> <span class='ocrx_word' id='word_1_154' title='bbox 759 1893 848 1957; x_wconf 84' lang='lat' dir='ltr'>agant</span> <span class='ocrx_word' id='word_1_155' title='bbox 868 1876 969 1944; x_wconf 87' lang='lat' dir='ltr'>animo</span> <span class='ocrx_word' id='word_1_156' title='bbox 986 1816 1006 1954; x_wconf 60' lang='lat' dir='ltr'>l</span> <span class='ocrx_word' id='word_1_157' title='bbox 1022 1876 1053 1935; x_wconf 93' lang='lat' dir='ltr'>in</span> <span class='ocrx_word' id='word_1_158' title='bbox 1074 1876 1109 1935; x_wconf 93' lang='lat' dir='ltr'>iis</span> <span class='ocrx_word' id='word_1_159' title='bbox 1132 1874 1198 1956; x_wconf 86' lang='lat' dir='ltr'>ipsis</span> <span class='ocrx_word' id='word_1_160' title='bbox 1219 1876 1315 1942; x_wconf 74' lang='lat' dir='ltr'>choris</span> 
     </span>
     <span class='ocr_line' id='line_1_20' title="bbox 359 1952 1317 2036; baseline 0.006 -23"><span class='ocrx_word' id='word_1_161' title='bbox 359 1952 512 2024; x_wconf 83' lang='lat' dir='ltr'>scribendis</span> <span class='ocrx_word' id='word_1_162' title='bbox 532 1955 660 2017; x_wconf 84' lang='lat' dir='ltr'>nostrum</span> <span class='ocrx_word' id='word_1_163' title='bbox 682 1958 797 2018; x_wconf 77' lang='lat' dir='ltr'>Graecos</span> <span class='ocrx_word' id='word_1_164' title='bbox 820 1974 947 2028; x_wconf 89' lang='lat' dir='ltr'>omnes,</span> <span class='ocrx_word' id='word_1_165' title='bbox 967 1956 1020 2036; x_wconf 91' lang='lat' dir='ltr'>qui</span> <span class='ocrx_word' id='word_1_166' title='bbox 1042 1970 1159 2028; x_wconf 86' lang='lat' dir='ltr'>extant,</span> <span class='ocrx_word' id='word_1_167' title='bbox 1183 1956 1317 2036; x_wconf 81' lang='lat' dir='ltr'>superasse</span> 
     </span>
     <span class='ocr_line' id='line_1_21' title="bbox 358 2030 1317 2115; baseline 0.002 -21"><span class='ocrx_word' id='word_1_168' title='bbox 358 2030 529 2110; x_wconf 85' lang='lat' dir='ltr'>fateantur,</span> <span class='ocrx_word' id='word_1_169' title='bbox 549 2036 656 2097; x_wconf 83' lang='lat' dir='ltr'>necesse</span> <span class='ocrx_word' id='word_1_170' title='bbox 676 2036 734 2096; x_wconf 86' lang='lat' dir='ltr'>sit.</span> <span class='ocrx_word' id='word_1_171' title='bbox 755 2033 789 2094; x_wconf 93' lang='lat' dir='ltr'>Id</span> <span class='ocrx_word' id='word_1_172' title='bbox 811 2054 881 2095; x_wconf 88' lang='lat' dir='ltr'>vero</span> <span class='ocrx_word' id='word_1_173' title='bbox 901 2033 978 2095; x_wconf 88' lang='lat' dir='ltr'>mihi</span> <span class='ocrx_word' id='word_1_174' title='bbox 998 2034 1028 2093; x_wconf 92' lang='lat' dir='ltr'>in</span> <span class='ocrx_word' id='word_1_175' title='bbox 1051 2034 1106 2095; x_wconf 88' lang='lat' dir='ltr'>hoc</span> <span class='ocrx_word' id='word_1_176' title='bbox 1126 2034 1192 2096; x_wconf 90' lang='lat' dir='ltr'>viro</span> <span class='ocrx_word' id='word_1_177' title='bbox 1215 2035 1317 2115; x_wconf 88' lang='lat' dir='ltr'>permi-</span> 
     </span>
     <span class='ocr_line' id='line_1_22' title="bbox 355 2111 1318 2196; baseline 0.001 -21"><span class='ocrx_word' id='word_1_178' title='bbox 355 2131 422 2175; x_wconf 86' lang='lat' dir='ltr'>rum</span> <span class='ocrx_word' id='word_1_179' title='bbox 441 2114 572 2191; x_wconf 87' lang='lat' dir='ltr'>videtur,</span> <span class='ocrx_word' id='word_1_180' title='bbox 592 2114 689 2196; x_wconf 92' lang='lat' dir='ltr'>quod,</span> <span class='ocrx_word' id='word_1_181' title='bbox 709 2133 777 2174; x_wconf 91' lang='lat' dir='ltr'>cum</span> <span class='ocrx_word' id='word_1_182' title='bbox 798 2129 842 2174; x_wconf 89' lang='lat' dir='ltr'>tot</span> <span class='ocrx_word' id='word_1_183' title='bbox 852 2111 978 2188; x_wconf 82' lang='lat' dir='ltr'>fabulas,</span> <span class='ocrx_word' id='word_1_184' title='bbox 997 2112 1099 2195; x_wconf 92' lang='lat' dir='ltr'>easque</span> <span class='ocrx_word' id='word_1_185' title='bbox 1121 2128 1182 2175; x_wconf 83' lang='lat' dir='ltr'>tam</span> <span class='ocrx_word' id='word_1_186' title='bbox 1204 2113 1318 2195; x_wconf 80' lang='lat' dir='ltr'>copiose</span> 
     </span>
     <span class='ocr_line' id='line_1_23' title="bbox 359 2193 1318 2274; baseline -0.001 -21"><span class='ocrx_word' id='word_1_187' title='bbox 359 2213 461 2255; x_wconf 88' lang='lat' dir='ltr'>omnes</span> <span class='ocrx_word' id='word_1_188' title='bbox 519 2193 687 2274; x_wconf 89' lang='lat' dir='ltr'>rscripserit,</span> <span class='ocrx_word' id='word_1_189' title='bbox 708 2212 802 2254; x_wconf 87' lang='lat' dir='ltr'>novus</span> <span class='ocrx_word' id='word_1_190' title='bbox 825 2208 923 2254; x_wconf 89' lang='lat' dir='ltr'>tamen</span> <span class='ocrx_word' id='word_1_191' title='bbox 943 2193 1052 2272; x_wconf 89' lang='lat' dir='ltr'>semper</span> <span class='ocrx_word' id='word_1_192' title='bbox 1068 2210 1222 2273; x_wconf 86' lang='lat' dir='ltr'>appareat,</span> <span class='ocrx_word' id='word_1_193' title='bbox 1244 2213 1318 2255; x_wconf 67' lang='lat' dir='ltr'>nun,-</span> 
     </span>
     <span class='ocr_line' id='line_1_24' title="bbox 360 2271 1316 2354; baseline -0.001 -21"><span class='ocrx_word' id='word_1_194' title='bbox 360 2292 452 2354; x_wconf 89' lang='lat' dir='ltr'>quam</span> <span class='ocrx_word' id='word_1_195' title='bbox 486 2275 515 2335; x_wconf 94' lang='lat' dir='ltr'>ui</span> <span class='ocrx_word' id='word_1_196' title='bbox 538 2271 656 2347; x_wconf 87' lang='lat' dir='ltr'>similis,</span> <span class='ocrx_word' id='word_1_197' title='bbox 677 2291 770 2354; x_wconf 87' lang='lat' dir='ltr'>neque</span> <span class='ocrx_word' id='word_1_198' title='bbox 790 2272 860 2352; x_wconf 93' lang='lat' dir='ltr'>qui,</span> <span class='ocrx_word' id='word_1_199' title='bbox 883 2273 961 2354; x_wconf 91' lang='lat' dir='ltr'>quod</span> <span class='ocrx_word' id='word_1_200' title='bbox 978 2294 996 2334; x_wconf 88' lang='lat' dir='ltr'>a</span> <span class='ocrx_word' id='word_1_201' title='bbox 1012 2272 1038 2332; x_wconf 94' lang='lat' dir='ltr'>se</span> <span class='ocrx_word' id='word_1_202' title='bbox 1055 2289 1140 2334; x_wconf 91' lang='lat' dir='ltr'>antea</span> <span class='ocrx_word' id='word_1_203' title='bbox 1156 2273 1190 2335; x_wconf 89' lang='lat' dir='ltr'>srt</span> <span class='ocrx_word' id='word_1_204' title='bbox 1206 2272 1316 2334; x_wconf 67' lang='lat' dir='ltr'>dissum</span> 
     </span>
     <span class='ocr_line' id='line_1_25' title="bbox 360 2351 1314 2432; baseline 0.001 -19"><span class='ocrx_word' id='word_1_205' title='bbox 360 2352 450 2425; x_wconf 89' lang='lat' dir='ltr'>alias,</span> <span class='ocrx_word' id='word_1_206' title='bbox 470 2354 502 2415; x_wconf 87' lang='lat' dir='ltr'>in</span> <span class='ocrx_word' id='word_1_207' title='bbox 523 2351 614 2415; x_wconf 87' lang='lat' dir='ltr'>alium</span> <span class='ocrx_word' id='word_1_208' title='bbox 635 2353 708 2413; x_wconf 89' lang='lat' dir='ltr'>item</span> <span class='ocrx_word' id='word_1_209' title='bbox 728 2367 878 2413; x_wconf 88' lang='lat' dir='ltr'>mutuetur</span> <span class='ocrx_word' id='word_1_210' title='bbox 898 2353 995 2414; x_wconf 89' lang='lat' dir='ltr'>locum</span> <span class='ocrx_word' id='word_1_211' title='bbox 1015 2373 1023 2423; x_wconf 83' lang='lat'>3</span> <span class='ocrx_word' id='word_1_212' title='bbox 1045 2367 1077 2413; x_wconf 92' lang='lat' dir='ltr'>ut</span> <span class='ocrx_word' id='word_1_213' title='bbox 1097 2352 1177 2432; x_wconf 87' lang='lat' dir='ltr'>quali</span> <span class='ocrx_word' id='word_1_214' title='bbox 1197 2372 1314 2414; x_wconf 86' lang='lat' dir='ltr'>amnem</span> 
     </span>
     <span class='ocr_line' id='line_1_26' title="bbox 361 2431 1317 2511; baseline 0.001 -17"><span class='ocrx_word' id='word_1_215' title='bbox 361 2432 509 2507; x_wconf 89' lang='lat' dir='ltr'>imitetur,</span> <span class='ocrx_word' id='word_1_216' title='bbox 533 2432 613 2501; x_wconf 88' lang='lat' dir='ltr'>cujus</span> <span class='ocrx_word' id='word_1_217' title='bbox 634 2431 712 2492; x_wconf 88' lang='lat' dir='ltr'>idem</span> <span class='ocrx_word' id='word_1_218' title='bbox 734 2447 887 2510; x_wconf 87' lang='lat' dir='ltr'>perpetuus</span> <span class='ocrx_word' id='word_1_219' title='bbox 903 2431 937 2494; x_wconf 82' lang='lat' dir='ltr'>sit</span> <span class='ocrx_word' id='word_1_220' title='bbox 957 2431 1072 2504; x_wconf 76' lang='lat' dir='ltr'>cursor,</span> <span class='ocrx_word' id='word_1_221' title='bbox 1092 2449 1156 2511; x_wconf 79' lang='lat' dir='ltr'>qua</span> <span class='ocrx_word' id='word_1_222' title='bbox 1172 2447 1317 2495; x_wconf 80' lang='lat' dir='ltr'>tamena·</span> 
     </span>
     <span class='ocr_line' id='line_1_27' title="bbox 360 2508 1316 2592; baseline -0.001 -20"><span class='ocrx_word' id='word_1_223' title='bbox 360 2531 421 2592; x_wconf 91' lang='lat' dir='ltr'>qua</span> <span class='ocrx_word' id='word_1_224' title='bbox 441 2510 527 2571; x_wconf 89' lang='lat' dir='ltr'>semel</span> <span class='ocrx_word' id='word_1_225' title='bbox 549 2509 728 2588; x_wconf 80' lang='lat' dir='ltr'>praterlapsa</span> <span class='ocrx_word' id='word_1_226' title='bbox 748 2509 804 2583; x_wconf 87' lang='lat' dir='ltr'>est,</span> <span class='ocrx_word' id='word_1_227' title='bbox 826 2530 988 2590; x_wconf 90' lang='lat' dir='ltr'>numquam</span> <span class='ocrx_word' id='word_1_228' title='bbox 1009 2508 1177 2570; x_wconf 87' lang='lat' dir='ltr'>relabatur.</span> <span class='ocrx_word' id='word_1_229' title='bbox 1199 2509 1242 2571; x_wconf 90' lang='lat' dir='ltr'>Ut</span> <span class='ocrx_word' id='word_1_230' title='bbox 1263 2511 1316 2573; x_wconf 89' lang='lat' dir='ltr'>ini·</span> 
     </span>
     <span class='ocr_line' id='line_1_28' title="bbox 359 2586 1315 2671; baseline 0.004 -21"><span class='ocrx_word' id='word_1_231' title='bbox 359 2610 442 2671; x_wconf 92' lang='lat' dir='ltr'>que,</span> <span class='ocrx_word' id='word_1_232' title='bbox 472 2606 560 2669; x_wconf 91' lang='lat' dir='ltr'>atque</span> <span class='ocrx_word' id='word_1_233' title='bbox 582 2586 659 2648; x_wconf 86' lang='lat' dir='ltr'>haud</span> <span class='ocrx_word' id='word_1_234' title='bbox 681 2586 764 2660; x_wconf 91' lang='lat' dir='ltr'>scio,</span> <span class='ocrx_word' id='word_1_235' title='bbox 794 2608 832 2647; x_wconf 89' lang='lat' dir='ltr'>an</span> <span class='ocrx_word' id='word_1_236' title='bbox 854 2590 944 2667; x_wconf 92' lang='lat' dir='ltr'>impie</span> <span class='ocrx_word' id='word_1_237' title='bbox 964 2587 1009 2649; x_wconf 92' lang='lat' dir='ltr'>isti</span> <span class='ocrx_word' id='word_1_238' title='bbox 1031 2586 1121 2648; x_wconf 86' lang='lat' dir='ltr'>facere</span> <span class='ocrx_word' id='word_1_239' title='bbox 1141 2587 1315 2663; x_wconf 86' lang='lat' dir='ltr'>videantur,</span> 
     </span>
     <span class='ocr_line' id='line_1_29' title="bbox 362 2665 1317 2749; baseline 0.003 -21"><span class='ocrx_word' id='word_1_240' title='bbox 362 2669 410 2734; x_wconf 85' lang='lat' dir='ltr'>¹ui</span> <span class='ocrx_word' id='word_1_241' title='bbox 433 2667 553 2737; x_wconf 72' lang='lat' dir='ltr'>tamob</span> <span class='ocrx_word' id='word_1_242' title='bbox 573 2685 694 2745; x_wconf 86' lang='lat' dir='ltr'>parvam</span> <span class='ocrx_word' id='word_1_243' title='bbox 723 2665 849 2725; x_wconf 85' lang='lat' dir='ltr'>caussam</span> <span class='ocrx_word' id='word_1_244' title='bbox 880 2666 999 2728; x_wconf 90' lang='lat' dir='ltr'>unicum</span> <span class='ocrx_word' id='word_1_245' title='bbox 1019 2666 1140 2728; x_wconf 90' lang='lat' dir='ltr'>Poetam</span> <span class='ocrx_word' id='word_1_246' title='bbox 1161 2688 1199 2729; x_wconf 90' lang='lat' dir='ltr'>ne</span> <span class='ocrx_word' id='word_1_247' title='bbox 1220 2670 1317 2749; x_wconf 86' lang='lat' dir='ltr'>legen·</span> 
     </span>
     <span class='ocr_line' id='line_1_30' title="bbox 356 2689 1319 2825; baseline 0.005 -20"><span class='ocrx_word' id='word_1_248' title='bbox 356 2689 428 2805; x_wconf 81' lang='lat' dir='ltr'>dum</span> <span class='ocrx_word' id='word_1_249' title='bbox 447 2743 566 2825; x_wconf 84' lang='lat' dir='ltr'>quidem</span> <span class='ocrx_word' id='word_1_250' title='bbox 589 2742 642 2802; x_wconf 84' lang='lat' dir='ltr'>esse</span> <span class='ocrx_word' id='word_1_251' title='bbox 663 2744 857 2804; x_wconf 87' lang='lat' dir='ltr'>contendant.</span> <span class='ocrx_word' id='word_1_252' title='bbox 877 2746 1026 2825; x_wconf 89' lang='lat' dir='ltr'>Siquidem</span> <span class='ocrx_word' id='word_1_253' title='bbox 1047 2760 1144 2807; x_wconf 91' lang='lat' dir='ltr'>totum</span> <span class='ocrx_word' id='word_1_254' title='bbox 1166 2746 1319 2811; x_wconf 87' lang='lat' dir='ltr'>hominem</span> 
     </span>
     <span class='ocr_line' id='line_1_31' title="bbox 359 2821 1319 2908; baseline 0.001 -23"><span class='ocrx_word' id='word_1_255' title='bbox 359 2822 502 2885; x_wconf 82' lang='lat' dir='ltr'>levissima</span> <span class='ocrx_word' id='word_1_256' title='bbox 530 2822 565 2883; x_wconf 91' lang='lat' dir='ltr'>de</span> <span class='ocrx_word' id='word_1_257' title='bbox 594 2821 686 2882; x_wconf 85' lang='lat' dir='ltr'>caussa</span> <span class='ocrx_word' id='word_1_258' title='bbox 715 2822 828 2901; x_wconf 88' lang='lat' dir='ltr'>prorsus</span> <span class='ocrx_word' id='word_1_259' title='bbox 858 2823 984 2899; x_wconf 90' lang='lat' dir='ltr'>tollere,</span> <span class='ocrx_word' id='word_1_260' title='bbox 1013 2822 1174 2886; x_wconf 88' lang='lat' dir='ltr'>belluarum</span> <span class='ocrx_word' id='word_1_261' title='bbox 1203 2829 1319 2908; x_wconf 83' lang='lat' dir='ltr'>magis,</span> 
     </span>
     <span class='ocr_line' id='line_1_32' title="bbox 359 2899 1319 2988; baseline 0.006 -26"><span class='ocrx_word' id='word_1_262' title='bbox 359 2921 450 2983; x_wconf 86' lang='lat' dir='ltr'>quam</span> <span class='ocrx_word' id='word_1_263' title='bbox 472 2901 601 2963; x_wconf 89' lang='lat' dir='ltr'>hominis</span> <span class='ocrx_word' id='word_1_264' title='bbox 621 2899 660 2960; x_wconf 89' lang='lat' dir='ltr'>est</span> <span class='ocrx_word' id='word_1_265' title='bbox 680 2902 817 2962; x_wconf 89' lang='lat' dir='ltr'>omnino.</span> <span class='ocrx_word' id='word_1_266' title='bbox 839 2900 1002 2983; x_wconf 87' lang='lat' dir='ltr'>Equidem,</span> <span class='ocrx_word' id='word_1_267' title='bbox 1024 2924 1091 2964; x_wconf 91' lang='lat' dir='ltr'>cum</span> <span class='ocrx_word' id='word_1_268' title='bbox 1113 2905 1143 2965; x_wconf 89' lang='lat' dir='ltr'>in</span> <span class='ocrx_word' id='word_1_269' title='bbox 1160 2906 1218 2972; x_wconf 89' lang='lat' dir='ltr'>hoc</span> <span class='ocrx_word' id='word_1_270' title='bbox 1234 2927 1319 2988; x_wconf 70' lang='lat' dir='ltr'>gene</span> 
     </span>
     <span class='ocr_line' id='line_1_33' title="bbox 358 2979 1320 3066; baseline 0.004 -22"><span class='ocrx_word' id='word_1_271' title='bbox 358 3002 389 3044; x_wconf 85' lang='lat' dir='ltr'>re</span> <span class='ocrx_word' id='word_1_272' title='bbox 411 2981 507 3061; x_wconf 87' lang='lat' dir='ltr'>plures</span> <span class='ocrx_word' id='word_1_273' title='bbox 527 2979 703 3062; x_wconf 86' lang='lat' dir='ltr'>scripserint,</span> <span class='ocrx_word' id='word_1_274' title='bbox 724 2981 875 3062; x_wconf 80' lang='lat' dir='ltr'>caeterique</span> <span class='ocrx_word' id='word_1_275' title='bbox 891 3003 991 3044; x_wconf 88' lang='lat' dir='ltr'>omnes</span> <span class='ocrx_word' id='word_1_276' title='bbox 1008 2982 1119 3063; x_wconf 86' lang='lat' dir='ltr'>prorsus</span> <span class='ocrx_word' id='word_1_277' title='bbox 1136 2983 1320 3066; x_wconf 85' lang='lat' dir='ltr'>interierint,</span> 
     </span>
     <span class='ocr_line' id='line_1_34' title="bbox 360 3059 1320 3143; baseline 0.007 -21"><span class='ocrx_word' id='word_1_278' title='bbox 360 3059 459 3143; x_wconf 84' lang='lat' dir='ltr'>resque</span> <span class='ocrx_word' id='word_1_279' title='bbox 478 3062 606 3142; x_wconf 85' lang='lat' dir='ltr'>Tragica</span> <span class='ocrx_word' id='word_1_280' title='bbox 613 3059 650 3120; x_wconf 89' lang='lat' dir='ltr'>ad</span> <span class='ocrx_word' id='word_1_281' title='bbox 659 3081 750 3122; x_wconf 91' lang='lat' dir='ltr'>unum</span> <span class='ocrx_word' id='word_1_282' title='bbox 768 3061 881 3121; x_wconf 72' lang='lat' dir='ltr'>redacta</span> <span class='ocrx_word' id='word_1_283' title='bbox 901 3063 951 3138; x_wconf 87' lang='lat' dir='ltr'>sit,</span> <span class='ocrx_word' id='word_1_284' title='bbox 971 3063 1056 3137; x_wconf 89' lang='lat' dir='ltr'>huic,</span> <span class='ocrx_word' id='word_1_285' title='bbox 1077 3062 1123 3124; x_wconf 88' lang='lat' dir='ltr'>cui</span> <span class='ocrx_word' id='word_1_286' title='bbox 1141 3061 1249 3125; x_wconf 88' lang='lat' dir='ltr'>melior</span> <span class='ocrx_word' id='word_1_287' title='bbox 1264 3063 1320 3129; x_wconf 67' lang='lat' dir='ltr'>sor.»</span> 
     </span>
     <span class='ocr_line' id='line_1_35' title="bbox 363 3140 1319 3227; baseline 0.004 -25"><span class='ocrx_word' id='word_1_288' title='bbox 363 3157 434 3203; x_wconf 88' lang='lat' dir='ltr'>tuna</span> <span class='ocrx_word' id='word_1_289' title='bbox 450 3142 624 3222; x_wconf 90' lang='lat' dir='ltr'>pepercerit,</span> <span class='ocrx_word' id='word_1_290' title='bbox 646 3141 683 3202; x_wconf 91' lang='lat' dir='ltr'>ab</span> <span class='ocrx_word' id='word_1_291' title='bbox 697 3140 863 3202; x_wconf 90' lang='lat' dir='ltr'>hominibus</span> <span class='ocrx_word' id='word_1_292' title='bbox 880 3162 996 3223; x_wconf 89' lang='lat' dir='ltr'>quoque</span> <span class='ocrx_word' id='word_1_293' title='bbox 1012 3140 1188 3221; x_wconf 88' lang='lat' dir='ltr'>parcendum</span> <span class='ocrx_word' id='word_1_294' title='bbox 1199 3186 1208 3216; x_wconf 92' lang='lat'>,</span> <span class='ocrx_word' id='word_1_295' title='bbox 1219 3160 1319 3227; x_wconf 87' lang='lat' dir='ltr'>atque,</span> 
     </span>
     <span class='ocr_line' id='line_1_36' title="bbox 362 3218 1319 3306; baseline 0.003 -25"><span class='ocrx_word' id='word_1_296' title='bbox 362 3222 395 3281; x_wconf 90' lang='lat' dir='ltr'>in</span> <span class='ocrx_word' id='word_1_297' title='bbox 417 3240 477 3302; x_wconf 92' lang='lat' dir='ltr'>quo</span> <span class='ocrx_word' id='word_1_298' title='bbox 497 3241 563 3282; x_wconf 90' lang='lat' dir='ltr'>eum</span> <span class='ocrx_word' id='word_1_299' title='bbox 586 3220 702 3284; x_wconf 83' lang='lat' dir='ltr'>fortuna</span> <span class='ocrx_word' id='word_1_300' title='bbox 721 3220 847 3299; x_wconf 87' lang='lat' dir='ltr'>posuerit</span> <span class='ocrx_word' id='word_1_301' title='bbox 868 3221 959 3293; x_wconf 89' lang='lat' dir='ltr'>loco,</span> <span class='ocrx_word' id='word_1_302' title='bbox 980 3222 1010 3282; x_wconf 91' lang='lat' dir='ltr'>in</span> <span class='ocrx_word' id='word_1_303' title='bbox 1032 3240 1067 3281; x_wconf 91' lang='lat' dir='ltr'>eo</span> <span class='ocrx_word' id='word_1_304' title='bbox 1087 3218 1124 3279; x_wconf 90' lang='lat' dir='ltr'>ab</span> <span class='ocrx_word' id='word_1_305' title='bbox 1144 3220 1181 3281; x_wconf 91' lang='lat' dir='ltr'>iis</span> <span class='ocrx_word' id='word_1_306' title='bbox 1200 3242 1319 3306; x_wconf 83' lang='lat' dir='ltr'>quoquc</span> 
     </span>
     <span class='ocr_line' id='line_1_37' title="bbox 360 3297 1320 3377; baseline 0.004 -18"><span class='ocrx_word' id='word_1_307' title='bbox 360 3300 546 3361; x_wconf 87' lang='lat' dir='ltr'>retinendum</span> <span class='ocrx_word' id='word_1_308' title='bbox 566 3302 641 3377; x_wconf 84' lang='lat' dir='ltr'>esse,</span> <span class='ocrx_word' id='word_1_309' title='bbox 661 3300 744 3361; x_wconf 87' lang='lat' dir='ltr'>sacile</span> <span class='ocrx_word' id='word_1_310' title='bbox 765 3301 888 3360; x_wconf 90' lang='lat' dir='ltr'>censeo.</span> <span class='ocrx_word' id='word_1_311' title='bbox 909 3302 973 3370; x_wconf 91' lang='lat' dir='ltr'>Jam</span> <span class='ocrx_word' id='word_1_312' title='bbox 994 3317 1062 3360; x_wconf 91' lang='lat' dir='ltr'>vero</span> <span class='ocrx_word' id='word_1_313' title='bbox 1084 3297 1206 3361; x_wconf 91' lang='lat' dir='ltr'>Catullo</span> <span class='ocrx_word' id='word_1_314' title='bbox 1230 3303 1262 3363; x_wconf 88' lang='lat' dir='ltr'>in</span> <span class='ocrx_word' id='word_1_315' title='bbox 1285 3322 1320 3368; x_wconf 81' lang='lat' dir='ltr'>oo</span> 
     </span>
     <span class='ocr_line' id='line_1_38' title="bbox 382 3376 1320 3463; baseline 0.006 -25"><span class='ocrx_word' id='word_1_316' title='bbox 382 3399 463 3438; x_wconf 90' lang='lat' dir='ltr'>enere</span> <span class='ocrx_word' id='word_1_317' title='bbox 486 3380 621 3441; x_wconf 84' lang='lat' dir='ltr'>carminis</span> <span class='ocrx_word' id='word_1_318' title='bbox 638 3425 647 3456; x_wconf 95' lang='lat'>,</span> <span class='ocrx_word' id='word_1_319' title='bbox 668 3381 714 3442; x_wconf 92' lang='lat' dir='ltr'>cui</span> <span class='ocrx_word' id='word_1_320' title='bbox 735 3400 769 3440; x_wconf 86' lang='lat' dir='ltr'>ex</span> <span class='ocrx_word' id='word_1_321' title='bbox 790 3377 964 3458; x_wconf 88' lang='lat' dir='ltr'>syllabarum</span> <span class='ocrx_word' id='word_1_322' title='bbox 988 3395 1109 3463; x_wconf 74' lang='lat' dir='ltr'>numero</span> <span class='ocrx_word' id='word_1_323' title='bbox 1124 3376 1320 3461; x_wconf 78' lang='lat' dir='ltr'>Hendecasyl·</span> 
     </span>
     <span class='ocr_line' id='line_1_39' title="bbox 360 3402 1319 3535; baseline 0.004 -16"><span class='ocrx_word' id='word_1_324' title='bbox 360 3402 429 3519; x_wconf 73' lang='lat' dir='ltr'>labo</span> <span class='ocrx_word' id='word_1_325' title='bbox 452 3478 559 3520; x_wconf 92' lang='lat' dir='ltr'>nomen</span> <span class='ocrx_word' id='word_1_326' title='bbox 583 3459 621 3521; x_wconf 84' lang='lat' dir='ltr'>est</span> <span class='ocrx_word' id='word_1_327' title='bbox 647 3460 806 3531; x_wconf 87' lang='lat' dir='ltr'>inditum,</span> <span class='ocrx_word' id='word_1_328' title='bbox 840 3477 876 3517; x_wconf 91' lang='lat' dir='ltr'>ne</span> <span class='ocrx_word' id='word_1_329' title='bbox 899 3457 1006 3535; x_wconf 87' lang='lat' dir='ltr'>primas</span> <span class='ocrx_word' id='word_1_330' title='bbox 1033 3452 1115 3514; x_wconf 89' lang='lat' dir='ltr'>sacrle</span> <span class='ocrx_word' id='word_1_331' title='bbox 1137 3460 1319 3535; x_wconf 83' lang='lat' dir='ltr'>concedam,</span> 
     </span>
    </p>
   </div>
   <div class='ocr_carea' id='block_1_2' title="bbox 359 3530 1320 3781">
    <p class='ocr_par' dir='ltr' id='par_1_2' title="bbox 359 3530 1320 3781">
     <span class='ocr_line' id='line_1_40' title="bbox 359 3530 1320 3620; baseline -0.015 -19"><span class='ocrx_word' id='word_1_332' title='bbox 359 3540 383 3601; x_wconf 87' lang='lat' dir='ltr'>ii</span> <span class='ocrx_word' id='word_1_333' title='bbox 403 3535 559 3615; x_wconf 87' lang='lat' dir='ltr'>efficiunt,</span> <span class='ocrx_word' id='word_1_334' title='bbox 584 3540 635 3620; x_wconf 92' lang='lat' dir='ltr'>qui</span> <span class='ocrx_word' id='word_1_335' title='bbox 657 3542 689 3601; x_wconf 89' lang='lat' dir='ltr'>in</span> <span class='ocrx_word' id='word_1_336' title='bbox 712 3538 878 3599; x_wconf 80' lang='lat' dir='ltr'>obscoenum</span> <span class='ocrx_word' id='word_1_337' title='bbox 903 3537 996 3595; x_wconf 89' lang='lat' dir='ltr'>Deum</span> <span class='ocrx_word' id='word_1_338' title='bbox 1022 3530 1320 3612; x_wconf 67' lang='lat' dir='ltr'>tamlascive,12m.</span> 
     </span>
     <span class='ocr_line' id='line_1_41' title="bbox 361 3611 1318 3711; baseline -0.003 -30"><span class='ocrx_word' id='word_1_339' title='bbox 361 3641 420 3711; x_wconf 87' lang='lat' dir='ltr'>que</span> <span class='ocrx_word' id='word_1_340' title='bbox 442 3619 548 3709; x_wconf 77' lang='lat' dir='ltr'>urbane</span> <span class='ocrx_word' id='word_1_341' title='bbox 571 3618 701 3689; x_wconf 84' lang='lat' dir='ltr'>jocantur</span> <span class='ocrx_word' id='word_1_342' title='bbox 720 3662 727 3677; x_wconf 89' lang='lat'><strong>.</strong></span> <span class='ocrx_word' id='word_1_343' title='bbox 750 3615 804 3676; x_wconf 83' lang='lat' dir='ltr'>Sed</span> <span class='ocrx_word' id='word_1_344' title='bbox 824 3613 887 3701; x_wconf 76' lang='lat' dir='ltr'>poll</span> <span class='ocrx_word' id='word_1_345' title='bbox 903 3633 950 3672; x_wconf 91' lang='lat' dir='ltr'>eos</span> <span class='ocrx_word' id='word_1_346' title='bbox 967 3611 1048 3700; x_wconf 23' lang='lat' dir='ltr'>‚Uvel</span> <span class='ocrx_word' id='word_1_347' title='bbox 1064 3632 1122 3671; x_wconf 90' lang='lat' dir='ltr'>una</span> <span class='ocrx_word' id='word_1_348' title='bbox 1139 3614 1231 3677; x_wconf 85' lang='lat' dir='ltr'>etiam</span> <span class='ocrx_word' id='word_1_349' title='bbox 1249 3638 1318 3683; x_wconf 90' lang='lat' dir='ltr'>cum</span> 
     </span>
     <span class='ocr_line' id='line_1_42' title="bbox 360 3690 1319 3781; baseline -0.015 -20"><span class='ocrx_word' id='word_1_350' title='bbox 360 3721 415 3776; x_wconf 89' lang='lat' dir='ltr'>ns,</span> <span class='ocrx_word' id='word_1_351' title='bbox 432 3720 559 3781; x_wconf 85' lang='lat' dir='ltr'>primum</span> <span class='ocrx_word' id='word_1_352' title='bbox 584 3700 680 3759; x_wconf 91' lang='lat' dir='ltr'>locum</span> <span class='ocrx_word' id='word_1_353' title='bbox 697 3716 746 3775; x_wconf 85' lang='lat' dir='ltr'>per</span> <span class='ocrx_word' id='word_1_354' title='bbox 767 3715 813 3755; x_wconf 87' lang='lat' dir='ltr'>me</span> <span class='ocrx_word' id='word_1_355' title='bbox 835 3690 953 3773; x_wconf 86' lang='lat' dir='ltr'>quidem</span> <span class='ocrx_word' id='word_1_356' title='bbox 971 3691 1039 3752; x_wconf 84' lang='lat' dir='ltr'>licet</span> <span class='ocrx_word' id='word_1_357' title='bbox 1063 3706 1096 3752; x_wconf 94' lang='lat' dir='ltr'>ut</span> <span class='ocrx_word' id='word_1_358' title='bbox 1112 3707 1228 3756; x_wconf 88' lang='lat' dir='ltr'>teneat.</span> <span class='ocrx_word' id='word_1_359' title='bbox 1252 3698 1319 3759; x_wconf 88' lang='lat' dir='ltr'>Per.</span> 
     </span>
    </p>
   </div>
   <div class='ocr_carea' id='block_1_3' title="bbox 357 3769 1320 3915">
    <p class='ocr_par' dir='ltr' id='par_1_3' title="bbox 357 3769 1320 3915">
     <span class='ocr_line' id='line_1_43' title="bbox 357 3769 1320 3915; baseline -0.002 -74"><span class='ocrx_word' id='word_1_360' title='bbox 357 3781 432 3844; x_wconf 71' lang='lat' dir='ltr'>,salse</span> <span class='ocrx_word' id='word_1_361' title='bbox 454 3780 559 3857; x_wconf 86' lang='lat' dir='ltr'>enim,</span> <span class='ocrx_word' id='word_1_362' title='bbox 582 3778 613 3840; x_wconf 74' lang='grc' dir='ltr'>δι</span> <span class='ocrx_word' id='word_1_363' title='bbox 635 3773 724 3839; x_wconf 85' lang='lat' dir='ltr'>facete</span> <span class='ocrx_word' id='word_1_364' title='bbox 749 3791 839 3854; x_wconf 81' lang='lat' dir='ltr'>genus</span> <span class='ocrx_word' id='word_1_365' title='bbox 864 3769 937 3834; x_wconf 84' lang='lat' dir='ltr'>illud</span> <span class='ocrx_word' id='word_1_366' title='bbox 960 3788 1047 3834; x_wconf 85' lang='lat' dir='ltr'>omne</span> <span class='ocrx_word' id='word_1_367' title='bbox 1069 3772 1320 3915; x_wconf 40' lang='lat' dir='ltr'>pertradlatqa-Dii</span> 
     </span>
    </p>
   </div>
   <div class='ocr_carea' id='block_1_4' title="bbox 0 0 1525 4559">
    <p class='ocr_par' dir='ltr' id='par_1_4' title="bbox 0 0 1525 4559">
     <span class='ocr_line' id='line_1_44' title="bbox 0 0 1525 4559; baseline 0 0"><span class='ocrx_word' id='word_1_368' title='bbox 0 0 1525 4559; x_wconf 95' lang='lat' dir='ltr'> </span> 
     </span>
    </p>
   </div>
  </div>
 </body>
</html>
