3034 4559
311 440 367 503 128
452 440 832 513 DPEVITANDA,
859 432 1034 519 ATQUB

267 520 355 591 iussit.
388 520 456 585 Pati
484 520 636 603 prudentia
663 511 884 581 Antiochus-so
905 516 979 580 hista
1006 513 1034 576 se
1062 511 1228 599 purgavit,

270 602 436 664 Nemeum
461 623 483 663 a
502 601 558 662 suis
579 598 787 672 accusaretur,
813 617 833 680 q
915 595 952 659 ad
972 597 1077 677 Remp.
1099 617 1161 659 non
1184 617 1228 658 ac«

270 680 404 743 cederet:
436 702 496 742 non
516 700 562 740 me
583 678 659 753 ille,
690 678 721 740 in
743 677 814 752 uit,
845 676 937 758 Reip,
950 696 1054 750 onus,
1084 676 1132 754 sed
1164 696 1228 736 mea

271 777 374 822 natura
395 759 436 821 ab
455 780 489 822 ea
517 756 702 839 gubernanda
720 698 857 818 deterruit
876 777 885 828 3
916 756 991 817 iram
1019 754 1100 818 suam
1122 754 1143 817 sr
1165 754 1228 817 nisi·

273 861 339 902 cans
354 886 363 915 ,
377 841 422 901 -in
441 859 501 921 qua
522 837 549 898 se
569 838 702 916 omniurn
723 836 851 897 maxime
876 855 1002 926 pronum
1022 834 1075 896 else
1096 834 1154 896 scie
1195 853 1228 906 ις

273 941 361 1002 quare
384 920 439 979 hoc
463 938 578 1001 quoque
596 917 683 978 modo
706 915 833 997 publicas
856 929 916 989 eius
937 914 1094 978 occasiones
1119 914 1228 988 devitu

274 1000 341 1076 vit.¹
364 1000 484 1079 Legerat
513 997 591 1057 enim
612 995 689 1076 apud
711 995 889 1070 Platonem,
920 997 972 1078 qui
994 993 1173 1056 iracundiori
1193 994 1228 1058 es

272 1079 336 1143 sent-
355 1078 499 1158 ingenio,
520 1097 568 1139 eos
585 1075 703 1159 quidem
723 1076 761 1135 ad
777 1075 940 1155 disciplinas
958 1073 1155 1155 percipiendas
1173 1095 1228 1140 ma

273 1157 351 1218 xime
368 1175 451 1237 apros
469 1156 536 1230 else,
553 1156 591 1233 ad
611 1157 715 1235 Remp.
736 1172 836 1216 autem
856 1153 1071 1235 gubernandam
1092 1153 1219 1217 minime

273 1237 304 1299 Si
327 1257 399 1299 uxor
417 1236 532 1298 noverit
567 1234 712 1318 [quando
733 1234 822 1297 soboli
843 1236 965 1297 omnino
985 1231 1120 1373 leffitima
1141 1233 1228 1296 danda

272 1315 312 1376 est
331 1336 417 1397 opera
433 1316 467 1397 ,]
488 1316 515 1376 se
535 1316 600 1378 viro
620 1315 672 1378 suo
692 1314 857 1379 inferiorern
878 1315 953 1389 else,
973 1334 1015 1375 nu
1028 1313 1087 1373 lam
1105 1314 1228 1375 caussam

271 1396 413 1469 habebit,
432 1396 622 1477 quamobrem
642 1415 709 1456 cum
731 1416 767 1456 eo
789 1394 904 1475 litiget3
921 1410 1023 1455 contra
1040 1413 1111 1453 vero
1132 1392 1228 1456 srearu

271 1475 323 1550 ille
340 1493 372 1551 ut
388 1476 508 1537 alteram
526 1476 567 1538 sui
584 1492 695 1557 partem
714 1474 865 1548 crassabit,
881 1474 937 1534 fine
952 1474 1016 1534 rixa
1032 1474 1129 1533 vitam
1149 1490 1228 1555 aget⁴

272 1555 343 1628 Haec
360 1576 429 1617 vero
446 1599 455 1628 ,
478 1556 508 1617 δι
526 1556 630 1616 horum
648 1573 749 1615 catera
765 1554 893 1627 similia,
916 1554 952 1613 iis
969 1552 1047 1613 dicia
1067 1552 1161 1627 sunt,
1184 1552 1228 1642 qil⁴

272 1656 309 1700 ne
331 1636 362 1695 in
390 1635 462 1694 iram
486 1634 639 1708 incidant,
668 1633 820 1714 providere
841 1631 962 1693 debent.
993 1632 1094 1697 Restat
1116 1632 1207 1695 modo
1218 1657 1228 1705 ·,

273 1730 307 1775 ut
328 1712 449 1775 secundo
470 1713 501 1773 in
523 1714 587 1775 loco
608 1734 643 1774 ea
663 1729 804 1793 praecepta
820 1712 945 1788 demus,
966 1712 1098 1793 quibus,
1119 1733 1189 1775 cum
1203 1712 1228 1788 ili

275 1794 350 1868 iram
378 1792 560 1866 inciderint,
590 1794 633 1854 ira
654 1808 769 1864 tantum
801 1807 945 1865 maneat,
975 1793 1054 1856 furor
1074 1792 1228 1855 devitetur.

274 1874 352 1932 Crun
369 1872 464 1951 igitur
483 1870 532 1946 ira
551 1870 596 1932 vis
618 1890 718 1931 omnes
742 1870 862 1932 rationis
893 1872 992 1933 nostra
1015 1892 1134 1952 aggeres
1158 1872 1221 1953 supe

275 1950 371 2023 rarit,
400 1964 647 2030 atque-mentem
675 1950 799 2011 nostram
821 1952 996 2031 occuparit,
1027 1954 1057 2012 in
1079 1953 1184 2030 primis
1203 1949 1228 2013 ul

273 2027 432 2090 videndum
462 2029 541 2105 erit,
568 2051 606 2094 -ne
629 2030 686 2091 haec
716 2029 746 2090 in
769 2030 947 2092 iracundiam
974 2032 1118 2093 transeat.
1140 2030 1192 2093 Est
1206 2051 1228 2092 e

274 2108 337 2170 nim
359 2109 426 2184 ira,
454 2108 550 2189 quoad
572 2110 651 2183 intra
672 2110 735 2171 suos
758 2127 852 2171 certos
882 2111 1018 2173 terminos
1042 2113 1227 2180 contimtum

277 2209 343 2251 cum
365 2209 434 2249 vero
453 2209 487 2249 ex
509 2190 544 2250 iis
567 2190 705 2265 excedit,
727 2188 761 2251 fit
784 2191 954 2264 iracundia,
976 2211 1040 2273 quae
1062 2190 1138 2251 nihil
1159 2188 1228 2253 asu

277 2289 339 2329 rore
361 2268 459 2330 distat.
491 2271 570 2346 Nam
591 2291 658 2331 cum
689 2270 731 2331 ita
751 2271 852 2332 animo
874 2270 966 2331 affesii
988 2272 1110 2343 sumus,
1143 2288 1228 2332 utre·

275 2348 327 2415 bus
348 2349 447 2430 inique
467 2350 587 2411 adverfis
604 2371 857 2424 commoveamur,
874 2350 1011 2412 hacienus
1032 2351 1162 2411 hominis
1180 2347 1228 2415 ell3

276 2445 309 2490 ut
338 2449 407 2490 vero
429 2429 459 2488 in
482 2427 605 2491 furorem
627 2432 741 2492 animus
762 2432 869 2510 raptim
892 2430 1007 2505 fertur,
1037 2447 1099 2490 tum
1131 2426 1228 2499 aseris

276 2509 367 2569 homo
388 2504 464 2567 nihil
484 2507 584 2570 distare
604 2510 735 2571 videtur.
757 2509 845 2570 Saevit
865 2510 944 2568 enim
966 2510 996 2569 in
1018 2511 1185 2587 puniend03
1205 2506 1228 2566 in

275 2585 437 2650 ulciscendo
457 2606 526 2647 vero
547 2586 661 2647 nullum
678 2585 795 2648 adhibet
816 2586 950 2647 modum.
974 2588 1061 2647 Hunc
1083 2588 1176 2665 igitur·
1191 2583 1206 2647 s
1218 2616 1227 2629 ·

274 2684 395 2737 rorem,
417 2664 491 2724 hanc
512 2666 604 2724 animi
627 2665 870 2725 abalienationem
892 2664 1114 2736 devitabirnru,
1140 2667 1159 2723 s1
1191 2665 1228 2725 h'u

274 2743 367 2806 animi
388 2758 485 2802 motus
508 2741 556 2801 ira
579 2743 709 2803 terminis
730 2742 944 2812 continebitur;
961 2743 1015 2803 hoc
1036 2742 1092 2812 est,
1109 2743 1228 2823 suquest-

276 2838 340 2881 tum
361 2819 512 2893 decuerit,
534 2836 650 2881 tantum
671 2818 838 2881 irascamur.
859 2825 956 2897 Quam
979 2820 1038 2901 [ur
1059 2823 1101 2881 ita
1124 2819 1228 2901 dicam]

278 2898 439 2978 decentiam
459 2943 468 2972 ,
490 2898 577 2960 modo
591 2899 626 2960 ad
648 2898 772 2976 caussa,
792 2899 881 2961 modo
898 2901 933 2961 ad
956 2901 1158 2981 personarum,
1176 2922 1228 2962 mo

278 2980 316 3040 do
337 2978 372 3041 ad
386 2980 553 3059 temporiS,
569 2995 655 3061 atque
670 2981 726 3041 loci
748 2982 889 3041 rationem
907 2982 1107 3042 retinebimm.
1129 2986 1228 3057 Quem·

276 3059 433 3124 admodum
465 3051 570 3141 siquis
599 3061 630 3121 in
652 3060 710 3121 levi
739 3061 831 3121 caussa
861 3061 963 3123 leviter
992 3079 1227 3133 commoveatur,

277 3160 370 3221 neque
392 3140 487 3222 sinat,
509 3156 541 3201 ut
596 3140 671 3202 imus
694 3140 743 3199 ille
765 3156 860 3201 motus
882 3140 951 3202 sese
974 3143 1099 3221 amplius
1117 3155 1228 3221 augeat:

278 3237 311 3282 ut
334 3218 437 3291 Cato,
457 3219 508 3299 qui
528 3241 547 3280 a
587 3220 664 3289 ajulo
681 3240 715 3280 eo
738 3241 851 3292 onere,
896 3241 961 3281 uem
985 3220 1116 3293 serebat,
1147 3223 1177 3281 in
1196 3218 1228 3279 al·

278 3315 373 3368 terum
403 3299 554 3358 humerum
584 3299 746 3379 percussuS,
776 3321 841 3361 cum
866 3242 901 3359 db
922 3321 956 3360 eo
987 3300 1047 3379 poll
1070 3300 1162 3361 issum
1182 3302 1227 3361 irn

279 3376 432 3457 prudenter
452 3378 678 3451 admoneretur,
700 3396 732 3440 ut
755 3396 893 3452 caveret,
922 3380 1001 3461 quasi
1023 3401 1072 3459 per
1094 3381 1188 3450 jocum
1206 3376 1226 3438 ei

281 3456 450 3536 respondit:
481 3458 622 3545 numquid
653 3458 732 3518 aliud
753 3457 826 3522 fera?
856 3458 940 3518 Alius
961 3460 997 3519 ad
1019 3461 1173 3534 convitia,
1199 3454 1228 3518 ad

280 3537 401 3607 minae,
422 3550 509 3617 atque
533 3553 620 3597 etiam
643 3538 677 3598 ad
699 3558 801 3599 manus
825 3538 966 3598 venisset:
997 3557 1029 3600 ut
1050 3540 1228 3607 Alexander,

219 3667 223 3675 .
302 3615 331 3675 ui
354 3614 466 3674 Clitum
488 3615 691 3675 amicissimum
717 3616 798 3677 suum
821 3637 908 3697 quam
932 3617 1071 3679 levissima
1092 3618 1126 3679 de
1148 3614 1228 3680 caussa

279 3636 439 3754 sua‘manu
460 3694 615 3755 interfecit.
639 3700 705 3771 Qua
728 3697 838 3755 ratione
861 3717 952 3777 neque
969 3698 1125 3771 foeminiS,
1147 3720 1165 3757 n
1200 3714 1227 3756 ue

280 3773 461 3859 senioribus,
494 3795 583 3859 neque
605 3776 701 3857 egenis
723 3775 849 3839 acerbius
870 3776 1044 3861 irascemur:
1075 3718 1228 3861 quodello

1157 3878 1196 3917 ra·
