3034 4559
409 487 467 549 174
625 455 881 524 BARTHOL.
901 456 1065 522 RICGH

364 549 416 630 qui
437 547 499 609 suas
520 539 646 605 adiuuet
662 541 835 615 constituet,
855 557 1017 623 numquam
1035 555 1056 601 a
1077 537 1227 621 proposito
1240 537 1312 604 aneia

363 627 456 689 rabit.
479 624 526 685 Ex
546 624 626 692 cujus
646 621 817 683 definitione
838 622 999 695 continuo,
1017 620 1097 702 quod
1116 620 1264 695 dicebam,
1281 641 1312 682 er

363 704 489 790 perfecie
507 723 602 765 rerum
624 701 818 783 cognitione,
839 715 927 783 atque
947 713 1046 762 earum
1068 698 1195 781 ipsarum
1210 700 1313 762 exerci·

363 787 475 847 tatione
494 783 638 855 Iudicium
660 780 736 842 nasci
757 779 882 842 constat.
905 784 1003 857 Quam
1020 779 1195 841 sententiam
1216 778 1260 840 illi
1278 780 1315 841 le·

362 866 415 948 qui
435 863 587 937 videntur,
608 862 660 944 qui
682 860 818 936 Pedium,
839 860 918 942 quod
937 858 1014 941 apud
1035 861 1153 921 Graecos
1168 858 1250 920 idern
1264 859 1316 936 est,

362 943 441 1028 quod
461 942 538 1023 apud
557 941 797 1023 mejudicium,
827 941 859 1001 in
879 939 1018 1002 Latinum
1040 939 1181 998 Potitium
1200 955 1316 1002 cmver-

362 1038 448 1093 tunt3
470 1035 503 1083 ut
525 1042 584 1083 non
605 1020 697 1082 solum
719 1018 866 1091 Judicium
887 1033 1034 1081 exterum
1054 1019 1225 1100 cognitione
1247 1019 1317 1081 oria·

362 1119 435 1177 tur,
463 1101 508 1163 sed
539 1121 593 1182 pro
620 1100 681 1181 ipsa
700 1099 867 1180 cognitione
887 1098 964 1238 apud
986 1100 1109 1189 Graecoa-
1123 1097 1206 1180 quad
1226 1099 1317 1189 accipi

360 1182 438 1264 posse
458 1181 614 1244 videatur.
643 1181 782 1242 Praeterea
803 1199 875 1241 vero
913 1195 922 1238 r
944 1176 1018 1240 solus
1040 1179 1167 1262 Sapiens.
1180 1176 1259 1239 reste
1278 1197 1318 1248 rut

362 1261 440 1323 dicat
449 1283 461 1331 ;
475 1261 592 1343 Sapiens
608 1274 705 1321 autem
723 1258 787 1319 ideo
803 1256 1316 1340 appellatur,·quiarerumomnium

360 1340 509 1402 scientiam
523 1339 635 1421 optime
650 1339 771 1401 calleat:
786 1349 888 1398 contra
908 1336 1057 1418 insipiens,
1080 1338 1135 1398 hoc
1150 1338 1209 1413 eli,
1222 1353 1319 1400 rerum

360 1421 496 1481 omnium
516 1421 633 1502 ignatus
649 1427 667 1494 ,·
686 1416 883 1498 imprudenter
902 1416 1010 1493 videt,
1039 1435 1138 1479 nonne
1157 1416 1209 1478 ille
1229 1415 1270 1480 ab
1286 1437 1318 1478 ea

360 1513 457 1562 rerum
473 1499 658 1583 cognitione,
679 1497 896 1579 quamoptime
915 1508 1012 1570 tenet,
1032 1496 1107 1558 rede
1123 1495 1251 1558 sentiet?
1271 1494 1316 1558 bic

358 1599 428 1641 vero
448 1578 486 1641 ab
505 1599 604 1641 earum
625 1578 634 1637 i
657 1578 827 1649 notatione,
871 1595 907 1637 ua
927 1575 1029 1656 plenus
1050 1574 1108 1650 eli,
1127 1590 1213 1651 tntu,
1237 1575 1313 1659 quud

358 1657 480 1733 dicitur,
501 1657 606 1720 errabit
628 1597 740 1718 gulo?
768 1596 881 1717 Deinde
904 1697 914 1728 ,
944 1653 965 1715 st
987 1675 1046 1716 una
1064 1667 1160 1715 rerum
1182 1656 1313 1737 cognitio

358 1738 493 1799 omniunt
513 1737 654 1798 redarum
674 1735 823 1797 aciionurn
837 1733 877 1795 est
897 1733 1051 1815 magistrat
1068 1729 1126 1795 bae
1146 1735 1231 1796 enirn
1247 1734 1314 1818 quid

358 1816 505 1896 agendum
526 1816 585 1890 fit,
605 1815 676 1898 quid
699 1835 784 1887 non,
805 1823 856 1875 aut
874 1812 1019 1896 quando,
1038 1825 1157 1895 quoque
1178 1815 1212 1876 in
1233 1814 1315 1889 lucu,

360 1892 530 1976 quibuscum
551 1939 562 1969 ,
589 1914 622 1955 ac
643 1895 738 1976 quoad
758 1894 857 1967 decet,
880 1909 914 1954 ut
935 1892 995 1954 nac
1010 1905 1126 1975 quoque
1146 1893 1315 1976 Iudicium,

357 1973 438 2055 quod
468 1974 499 2035 in
526 1973 680 2035 hominum
698 1972 873 2045 ,actionibus
902 1972 978 2034 haud
1007 1965 1184 2053 postremum
1220 1974 1314 2037 locun

358 2052 507 2131 obtineat,
526 2052 644 2128 doceat,
664 2069 804 2134 oportet.
825 2050 971 2113 Poslremo
990 2052 1010 2114 si
1031 2053 1313 2136 contrariorumptt

357 2131 398 2193 est
419 2134 520 2209 ratio,
549 2145 583 2195 ut
610 2147 704 2195 rerum
728 2132 877 2214 ignoratio
897 2132 993 2193 omnis
1014 2130 1119 2203 Judicii
1138 2131 1180 2193 est
1201 2141 1314 2215 expete,

358 2212 402 2274 lta
421 2228 538 2289 contra,
559 2212 612 2292 qui
631 2227 732 2275 earum
759 2229 826 2272 cum
847 2210 949 2286 usum,
971 2221 1035 2272 tuln
1057 2211 1148 2274 etiarn
1172 2215 1315 2295 exponen

358 2292 432 2353 tiam
453 2293 565 2432 optime
585 2293 716 2366 noverit,
736 2290 759 2351 is
781 2289 929 2352 redilsime
951 2305 984 2352 ut
1000 2290 1040 2351 >de
1061 2290 1098 2351 iia
1120 2289 1254 2368 judicet,
1269 2311 1314 2355 tte·¹

360 2373 464 2440 ceslee
499 2418 506 2433 .
528 2376 626 2448 Quare
645 2372 734 2433 etiam
756 2370 921 2431 Aristoteles
942 2368 1126 2451 gravissimus
1146 2372 1262 2435 Audon
1276 2373 1314 2435 di·

358 2449 470 2526 cebat,
518 2470 559 2512 uae
576 2450 702 2533 quisque
717 2450 832 2525 novit,
854 2451 877 2510 is
903 2450 937 2511 de
958 2451 994 2510 iis
1018 2469 1086 2511 vere
1110 2450 1249 2528 judicat,
1270 2473 1313 2515 eo·

359 2543 482 2612 rumque
496 2472 585 2592 <ianus
605 2530 644 2591 est
672 2529 790 2602 Judex.
822 2528 919 2590 Unam
955 2530 1047 2610 igitur
1094 2545 1225 2613 uamque
1254 2552 1310 2595 rem

356 2607 430 2671 bene
458 2609 590 2685 iudicat,
620 2608 671 2691 qui
701 2608 761 2679 ejus
781 2608 889 2687 petitus
918 2609 984 2682 est,
1013 2550 1141 2673 ausoiute
1165 2627 1266 2674 autem
1285 2633 1312 2675 ο·

358 2690 465 2762 mnia,
505 2689 557 2769 qui
585 2690 720 2749 omnium
749 2688 858 2768 peritus
887 2688 949 2750 est.
987 2688 1029 2749 Ut
1057 2690 1248 2767 rationibus,
1276 2709 1313 2755 at·

358 2786 417 2848 que
437 2766 610 2829 austeritate
630 2766 755 2840 constet,
777 2765 923 2836 Iudicium
945 2769 1068 2828 omnino
1089 2789 1125 2829 ex
1149 2787 1249 2833 rerum
1270 2791 1311 2835 co·

356 2845 492 2984 gnitione
515 2845 669 2935 proficisci.
691 2844 767 2919 Quis
792 2844 871 2905 enim
896 2844 983 2927 [vos
1007 2846 1103 2929 qnaeso
1127 2847 1140 2929 ]
1164 2850 1258 2920 Juder
1282 2852 1308 2911 in

371 2925 413 2985 uis
430 2924 547 2995 ludicris
571 2923 746 2996 exercendis,
772 2923 823 2984 nisi
844 2945 908 3006 qua
928 2926 1052 2987 caussam
1070 2924 1207 3004 faciant,
1228 2948 1311 3014 arque

354 3003 386 3065 in
408 3003 442 3064 iis
459 3049 468 3079 ,
487 3024 551 3088 quae
575 3004 690 3094 potiora
712 3004 792 3078 sint,
813 3002 862 3066 sua
881 3006 1033 3085 prudentia
1053 3005 1234 3084 discurrent,
1264 3029 1309 3071 un-

353 3103 443 3165 quam
464 3084 500 3145 ad
523 3099 678 3145 veritatem
701 3082 871 3145 sententiam
892 3084 983 3147 seret?
1005 3086 1049 3146 De
1066 3105 1127 3166 quo
1140 3087 1248 3157 Iudicii
1265 3109 1306 3171 ge·

353 3173 419 3224 nere
441 3164 515 3224 nihil
536 3163 640 3225 necesse
661 3164 700 3226 est
721 3162 803 3243 plura
823 3164 942 3240 dicere,
970 3165 1087 3246 quando
1118 3166 1174 3228 hoc
1196 3184 1308 3230 rantum

353 3244 548 3321 argumentis,
565 3257 654 3325 atque
669 3241 840 3303 testimoniis
857 3244 913 3305 niti
928 3243 1065 3305 omnibus
1079 3245 1210 3308 constat.
1232 3245 1306 3325 Quid

350 3333 422 3381 vero
442 3320 574 3383 Medicus
594 3367 603 3396 ,
631 3322 710 3393 cuius
738 3320 868 3383 officium
897 3323 936 3384 eil
964 3343 1061 3384 curare
1083 3325 1119 3385 ad
1140 3327 1304 3399 sanitatem,

354 3398 420 3458 finis
441 3414 539 3460 autem
561 3401 675 3474 sanare,
702 3414 798 3461 nonne
819 3402 946 3483 primum
966 3413 1001 3462 eil
1022 3405 1191 3466 morborum
1212 3406 1306 3488 cogni·

354 3478 452 3553 tione,
472 3480 575 3541 deinde
594 3500 630 3539 ex
650 3478 761 3539 affidua
782 3502 880 3542 eorum
902 3482 1067 3556 curatione,
1088 3484 1301 3553 judicandarum

352 3559 557 3639 egritudinum
579 3559 720 3619 rationem
745 3576 778 3619 ut
801 3575 867 3621 ante
891 3578 1057 3641 perceptam
1080 3564 1203 3639 habeat,
1220 3583 1303 3648 quarn

351 3655 461 3718 agroru
476 3641 632 3720 quicquam
654 3638 931 3712 remediiadhibeat‚
953 3641 1004 3699 nisi
1016 3642 1098 3702 illum
1123 3646 1241 3723 perdere
1257 3665 1303 3706 vo·

350 3719 463 3791 luerit,
493 3717 596 3780 necesse
622 3714 689 3775 est?
728 3717 879 3777 Memoria
907 3718 1055 3800 proditum
1087 3723 1152 3798 est,
1183 3724 1303 3786 sutorem

351 3798 507 3879 quemdam
528 3795 626 3879 [quid
649 3796 727 3857 enim
749 3798 884 3882 viliusl]
904 3802 936 3860 in
958 3799 1070 3883 Apellis
1090 3800 1185 3885 ligura
1205 3806 1305 3867 calcee-

459 3917 461 3924 ·
1188 3904 1270 3948 men·
