3034 4559
372 454 758 516 compescantur
778 455 1083 518 rnncuuorn.
1129 449 1188 539 “135

269 534 322 618 qui
341 536 426 597 omni
449 534 503 594 hac
524 533 673 595 ulciscendi
696 534 808 596 ratione
828 555 929 597 vacare
949 535 1049 614 debet,
1071 536 1179 620 quique
1195 536 1213 599 s
1216 572 1229 583 ·

275 635 309 676 ve
330 613 392 678 ulla
408 614 517 683 injuria
539 611 576 673 ab
592 612 652 674 alio
672 612 820 689 homine,
840 611 898 676 five
914 635 931 676 a
947 612 1088 691 fortuna,
1109 637 1142 679 ac
1162 617 1227 681 casu

269 694 409 777 cuiquam
432 690 560 774 prosedia
575 692 626 768 sit,
646 713 820 774 aequaque
840 714 875 754 ea
891 694 949 771 sit,
971 695 1051 758 illam
1074 699 1229 779 ignoscat,

271 793 345 837 neve
364 773 523 856 quicquam
549 772 737 848 recordetur,
757 789 899 853 oporret3
928 775 1020 837 immo
1041 798 1111 839 vero
1133 782 1228 861 magis

272 869 303 915 ut
324 852 362 914 ael
380 872 490 914 novam
510 851 729 932 accipiendam,
749 872 840 942 quam
859 853 895 913 ad
913 872 1059 938 acceptam
1080 857 1230 923 vindican-

268 934 355 1009 dam,
378 930 648 1022 secompare13de
668 932 721 991 hac
736 931 812 997 nihii
829 934 955 1013 amplius
975 936 1090 1008 dicam3
1112 937 1167 1001 hoc
1187 959 1230 1000 re·

270 1011 401 1074 medium
422 1010 545 1084 bestiis,
571 1010 682 1093 quique
702 1010 854 1073 bestiamm
878 1031 960 1076 more
984 1016 1116 1093 vivunt,
1145 1018 1229 1080 telin·

269 1111 380 1175 quens.
402 1090 439 1151 In
457 1110 515 1151 una
531 1110 602 1151 vero
617 1091 757 1171 parientia
773 1106 858 1153 tanto
874 1092 1026 1156 salutarius
1051 1098 1232 1171 remedium,

272 1186 383 1254 quanto
400 1170 488 1232 etiam
516 1170 644 1252 aequius,
666 1170 805 1231 sentitur.
826 1172 892 1233 Hac
916 1174 1026 1253 igitur,
1046 1178 1097 1258 qui
1119 1196 1231 1259 quanta

267 1266 381 1334 quanta
396 1249 431 1312 fit
446 1247 565 1310 assessus
583 1248 686 1318 injuria
703 1294 712 1325 ,
732 1249 759 1310 se
774 1254 980 1326 communiet,
1001 1271 1090 1336 atque
1117 1255 1147 1318 in
1169 1259 1227 1327 ejus

270 1329 404 1413 presidiis
426 1331 454 1391 se
470 1329 497 1389 se
511 1327 689 1403 collocabit,
712 1346 746 1389 ut
763 1330 829 1390 inde
847 1332 928 1391 nulla
945 1334 1001 1405 vi,
1030 1335 1112 1394 nulla
1133 1356 1227 1396 recen·

271 1411 358 1487 tiori,
380 1429 415 1471 ac
430 1407 534 1480 majori
551 1408 658 1478 injuria
672 1409 818 1470 deturbari
841 1411 952 1499 possit,
974 1412 1081 1494 sibique
1102 1434 1162 1478 non
1185 1416 1229 1475 so·

270 1489 328 1554 lum
352 1485 577 1571 patientissimos
597 1488 734 1570 cujusque
754 1508 866 1568 generis
890 1491 967 1551 viros
988 1509 1130 1571 proponet
1151 1491 1186 1553 ad
1204 1495 1228 1553 i·

272 1569 436 1634 mitandum
454 1587 463 1637 ;
484 1565 531 1629 sed
549 1586 639 1628 unum
657 1583 802 1643 rantum,
827 1568 881 1649 qui
903 1569 1043 1652 quicquid
1063 1570 1147 1651 supra
1168 1593 1229 1633 cer-

270 1651 367 1725 nitur,
388 1646 529 1731 quicquid
550 1645 625 1709 infra
648 1646 808 1728 speciatur,
828 1652 955 1723 creavit,
976 1667 1066 1731 atque
1086 1651 1229 1731 confecit,

268 1731 317 1813 q'ui
337 1748 409 1792 cum
430 1726 527 1788 nostra
547 1726 633 1806 culpa
651 1748 753 1789 omnes
765 1730 969 1809 ignominias,
988 1731 1090 1791 omnes
1098 1735 1229 1794 contemss

269 1825 351 1892 ptus,
372 1826 474 1871 omnes
490 1806 616 1889 denique
635 1808 780 1869 cruciatur
800 1828 819 1869 a
839 1810 936 1872 Gente
957 1810 1027 1886 illa,
1047 1812 1083 1873 de
1104 1831 1163 1894 qua
1179 1812 1232 1874 sae-

271 1891 330 1971 pius
353 1889 391 1951 ad
412 1886 575 1950 universam
597 1887 720 1950 salutem
740 1889 856 1970 optime
877 1891 1051 1970 promeritus
1070 1910 1155 1969 erat,
1175 1894 1229 1977 qui

269 1971 311 2032 vel
332 1989 395 2032 uno
413 1983 490 2030 nutu
509 1987 598 2028 omne
617 1988 721 2029 corum
762 1987 831 2030 enus
852 1971 970 2055 perdere
990 1972 1154 2051 potuisset,
1175 1993 1229 2054 pro

269 2070 299 2113 ea
320 2067 424 2113 tamen
444 2046 575 2109 vindicta
595 2048 710 2111 Patrem
732 1990 844 2124 sirum,
871 2066 906 2110 ut
921 2051 958 2110 iis
975 2051 1160 2131 ignosceret,
1182 2073 1231 2114 ne·

270 2148 323 2212 que
349 2146 450 2190 eorum
475 2142 588 2189 tantam
617 2128 817 2207 ignorantiam
838 2130 999 2213 quicquam
1024 2131 1230 2205 ulcisceretur,

273 2209 299 2270 in
314 2208 414 2271 medio
428 2208 559 2269 cruciatu
576 2223 680 2288 rogat;
700 2207 796 2283 hunc,
817 2207 958 2291 inquam,
977 2209 1154 2290 sioptimum
1164 2211 1231 2270 Ma·

274 2290 393 2370 gistrum
417 2285 600 2349 imitabimur
614 2321 628 2360 ,=
646 2301 675 2345 at
699 2305 734 2345 ue
750 2286 781 2347 in
797 2306 857 2347 una
871 2288 1012 2367 patientia
1031 2307 1101 2347 cum
1124 2289 1178 2350 illo
1199 2310 1232 2350 o·

273 2379 349 2429 mnes
372 2366 482 2429 nostras
504 2363 649 2427 vindicias
669 2385 690 2424 o
712 2364 901 2438 liviscemur',
920 2375 1009 2449 atqu'e
1030 2366 1125 2429 Deum
1147 2367 1234 2449 roga·

271 2444 382 2521 bimus,
401 2462 437 2507 ut
451 2464 555 2508 corum
576 2443 748 2525 ignorantie
769 2444 960 2519 misereatur,
980 2446 1087 2508 secreto
1105 2446 1189 2507 nobis
1198 2445 1233 2508 il·

275 2517 297 2590 se
316 2528 349 2591 in
366 2525 412 2587 his
429 2524 565 2587 humanis
582 2523 829 2599 contemnendis,
859 2540 948 2606 atque
968 2523 1070 2587 fortius
1090 2525 1232 2605 perferen·

271 2605 330 2684 dis,
351 2624 515 2685 numquam
536 2603 646 2675 deerit3
666 2623 735 2665 cum
758 2624 829 2665 vero
848 2604 918 2665 hinc
936 2604 1158 2680 discesserimus,
1178 2626 1232 2668 un·

270 2686 303 2749 de
322 2685 449 2748 omnino
469 2701 521 2746 aut
539 2684 644 2759 citius,
664 2698 719 2746 aut
737 2683 825 2745 serius
846 2684 945 2746 sumus
958 2683 1119 2760 discessuri,
1140 2685 1231 2761 adse,

275 2784 303 2829 ut
325 2787 362 2828 ex
384 2763 462 2842 suis,
481 2762 603 2826 seliciter
623 2762 788 2825 revocabit.
808 2765 880 2828 Hac
896 2764 985 2828 habui
1001 2807 1013 2840 ‚
1031 2765 1143 2842 Cochi,
1166 2786 1231 2849 quae

275 2847 326 2909 tibi
347 2845 384 2907 de
405 2842 561 2907 Iracundia
582 2842 739 2906 devitanda
759 2843 979 2925 perscriberem.
1000 2847 1072 2907 Non
1081 2866 1128 2907 me
1136 2846 1233 2927 sugit,

273 2927 368 2989 multo
388 2923 475 3015 plura
494 2945 514 2985 a
533 2922 641 2985 caeteris
660 2919 854 3005 Scriptoribus
882 2943 912 2986 ce
932 2923 1036 2985 habere
1059 2927 1158 3006 posse,
1188 2937 1232 2987 at·

355 3018 445 3066 ettam
472 3002 588 3067 sortasse
607 3004 752 3085 potiora,
778 3004 882 3085 utqui
906 3004 937 3064 in
961 3005 997 3064 iis
1019 3003 1119 3065 studiis
1144 3023 1231 3065 omne

271 3026 355 3149 iiim
376 3080 504 3149 studium
526 3082 692 3167 posuerint3
711 3084 807 3145 nostra
827 3100 925 3145 tamen
945 3102 1040 3167 neque
1053 3102 1088 3143 ea
1103 3082 1233 3164 indigni·

272 3178 334 3228 rate
354 3161 410 3225 esse
431 3164 585 3237 videntur,
606 3182 671 3245 quae
691 3163 803 3243 prorsus
825 3178 1070 3234 contemnantur3
1089 3178 1168 3224 certe
1197 3182 1232 3240 ue

270 3261 289 3307 ι
308 3240 454 3325 Magistro
474 3262 527 3307 tuo
543 3240 597 3306 tibi
614 3242 756 3317 veniunt,
784 3244 908 3304 minime
930 3244 1046 3325 ingrata
1074 3242 1128 3303 esse
1151 3182 1233 3303 dibe-

271 3322 372 3388 bunt.
391 3322 446 3384 Sed
466 3343 544 3415 ego,
570 3338 602 3383 ut
620 3322 824 3386 Athenodorus
845 3322 977 3405 Augusto
998 3322 1079 3385 suum
1102 3322 1174 3384 illud
1195 3323 1233 3384 dc

270 3399 441 3469 Graecarum
463 3412 610 3466 literarum
634 3399 757 3463 lectione
777 3402 915 3464 ultimum
938 3417 1114 3485 preceptum
1135 3402 1233 3472 dedit3

272 3481 313 3547 ita
332 3484 391 3545 hoc
411 3481 467 3545 tibi
488 3483 553 3555 do;
581 3499 614 3546 ut
631 3500 659 3546 te
676 3478 762 3543 semei
778 3482 890 3561 ,iratum
916 3484 950 3545 in
970 3483 1084 3565 speeuio
1097 3481 1233 3544 uideas.

272 3563 362 3645 Spero
380 3562 490 3638 enim,
519 3577 552 3626 ut
567 3584 601 3625 ex
625 3563 684 3624 oris
705 3559 889 3624 deformitate
908 3564 1001 3628 animi
1022 3561 1234 3644 turpitudinem

273 3641 357 3724 ¹facile
377 3644 548 3717 conjiciens,
573 3641 681 3705 abhoc
699 3641 851 3704 teterrimo
872 3643 999 3710 monstro
1022 3640 1234 3724 abhorrescas,

271 3733 363 3807 arque
383 3724 416 3787 in
434 3737 488 3786 rua
509 3723 601 3785 animi
618 3716 765 3787 sedatione
784 3723 983 3806 conquiescas.
1218 3727 1223 3736 '

704 3878 886 3961 '14
1124 3875 1193 3941 DE
