3034 4559
272 513 274 521 ·
321 525 324 530 .
577 467 603 532 L
644 468 665 530 Ῑ
699 463 726 530 Β
762 463 793 531 Ἐ
834 469 861 529 R
912 467 974 530 'sss
1125 493 1193 551 ·109

273 546 377 628 medius
398 547 485 613 fidius
514 548 692 626 insuavius,
722 570 755 611 ac
776 548 871 610 minus
899 551 1094 614 commutavit
1114 572 1232 619 ornate.

272 633 370 710 Cicero
393 631 439 692 ait
461 630 496 691 de
518 630 684 691 Amicitia:
712 632 761 688 Tu
781 646 898 703 aurem,
927 632 1047 705 Fanni,
1075 634 1149 711 quod
1165 635 1232 696 mihi

269 729 374 774 tortum
391 708 478 771 tribui
495 709 590 784 dicis,
611 727 746 789 quantum
760 730 806 789 ego
827 731 874 769 nec
892 710 1028 789 agnosco,
1049 733 1096 771 nec
1110 714 1232 792 posiuso,

269 791 336 871 'sacis
358 790 464 851 amice.
486 789 648 870 Longosius
669 805 768 851 autem
789 788 841 863 sic,
863 808 896 849 ac
918 809 1004 870 poene
1029 811 1095 851 cum
1115 791 1233 857 Cicero·

269 881 300 934 'ue
321 869 388 954 ipso
418 887 481 930 rem
503 868 624 929 eandem
655 868 820 950 usurpavit.
848 871 920 950 Qu
941 869 1078 949 quidem,
1108 870 1231 953 inquit,

267 951 374 1021 ‘sentum
403 946 474 1009 mibi
493 945 592 1007 tribuis
615 988 624 1023 ,
651 967 784 1028 quantum
804 949 930 1026 equidem
951 969 999 1009 nec
1019 949 1076 1026 ipse
1095 954 1231 1029 agnosco,

272 1053 337 1107 nec,
357 1027 388 1103 si
400 1027 633 1110 pudentiuscusus
647 1026 726 1103 sim,
746 1044 836 1107 optare
855 1029 988 1089 audeam.
1017 1030 1088 1090 Non
1116 1029 1233 1094 confero

269 1109 355 1172 'verba
372 1128 382 1181 3
406 1107 626 1182 mutationem,
646 1106 825 1169 additionem
842 1107 916 1168 nihii
937 1107 1088 1169 recenseo:
1111 1130 1154 1171 res
1171 1112 1232 1192 ipsa

268 1205 308 1274 per
327 1187 356 1251 se
379 1184 466 1248 facile
488 1185 515 1247 se
536 1201 631 1248 totam
651 1186 789 1250 ostendit.
811 1186 916 1249 Cicero
937 1185 1009 1248 item
1031 1188 1073 1248 ait
1097 1189 1133 1250 ad
1151 1192 1228 1254 Len·

269 1268 355 1332 mlum
374 1286 382 1326 τ
404 1268 450 1328 Te
468 1266 574 1344 ipsum,
595 1267 704 1345 inquit,
728 1268 829 1347 cupio,
850 1266 923 1326 nihil
944 1268 1119 1347 opportunius
1135 1274 1228 1349 potuit

270 1349 397 1410 rtot'dere.
427 1346 494 1419 Nisi
508 1368 569 1407 cum
595 1348 642 1405 M.
657 1347 747 1424 fratre
774 1346 919 1427 diligenter
938 1349 1045 1423 egeris,
1074 1348 1227 1428 dependen-

271 1427 329 1487 dum
351 1422 406 1486 tibi
429 1425 490 1503 ess,
520 1426 594 1504 quod
615 1423 686 1483 mihi
709 1442 760 1505 pro
782 1426 832 1484 isso
853 1424 1036 1505 spopondisii.
1064 1426 1225 1507 Longolius

271 1521 360 1569 eutem
383 1504 482 1568 locum
502 1521 570 1565 eum
601 1520 751 1565 mutuatus
789 1504 826 1564 src
846 1504 914 1565 ait:
936 1505 1012 1563 Nam
1031 1505 1105 1583 quod
1122 1507 1153 1565 in
1172 1511 1227 1588 epi·

269 1585 329 1664 soso
347 1603 401 1645 tua
413 1586 549 1665 scriptum
569 1601 627 1643 erut
642 1607 653 1645 .·
683 1584 803 1644 amicum
830 1582 1048 1658 issummosirum
1075 1581 1130 1643 ribi
1148 1586 1225 1663 sitem

271 1665 399 1724 intendere
414 1665 450 1725 de
464 1686 518 1739 eo,
538 1666 612 1742 quod¹
633 1680 664 1723 eu
685 1663 733 1722 isli
747 1664 783 1723 de
802 1684 844 1721 me
858 1663 1010 1745 necepses,
1028 1686 1074 1724 nec
1094 1687 1141 1747 ego
1157 1682 1225 1746 pre·

269 1743 400 1824 sinffim.
422 1743 499 1804 Item
519 1743 624 1804 Cicero
645 1742 751 1803 amoris
772 1762 840 1823 erga
867 1742 894 1804 se
915 1741 1098 1805 certissimam
1119 1741 1225 1827 signisiss

271 1824 410 1887 tationem
432 1822 476 1884 his
497 1821 591 1884 verbis
612 1820 743 1903 expressit
760 1821 936 1914 aliquando:
953 1824 1051 1882 Omnis
1064 1846 1139 1885 amor
1159 1844 1225 1887 tuus

271 1924 296 1964 nt
315 1900 443 1964 omnibus
461 1900 589 1983 parribus
607 1902 640 1979 se
664 1902 777 1979 ossendit
800 1924 830 1961 rn
846 1900 890 1961 bis
914 1902 1026 1977 literis,
1046 1927 1117 1983 quas
1132 1902 1182 1964 abs
1197 1926 1225 1967 te

267 1984 381 2063 proxime
408 1982 512 2062 accepi.
544 1980 705 2063 Longolius
733 1998 833 2043 autem
856 1981 911 2044 hoc
930 1982 1025 2063 ipsum
1045 1984 1081 2044 fic
1100 1981 1223 2047 effecit-e

269 2064 369 2124 Amoris
386 2084 450 2144 erga
465 2082 509 2120 me
532 2061 576 2119 tui
590 2061 707 2140 vesiigio
723 2061 812 2121 nullis
835 2063 927 2141 opinor
946 2062 1035 2122 sirenis
1049 2063 1098 2123 ves
1111 2063 1195 2142 pluro
1212 2109 1222 2140 ‚

268 2142 307 2202 nes
327 2141 477 2221 issusiriora
500 2140 623 2219 imprimi
642 2157 814 2220 potuerunt,
842 2162 926 2220 quam
946 2141 1006 2216 iit,
1035 2164 1105 2221 quor
1125 2142 1222 2205 abste

264 2223 374 2302 proxim
394 2221 502 2300 accepi.
523 2220 641 2299 Proprie
663 2217 767 2281 Cicero
788 2263 798 2294 ‚
818 2220 897 2301 quod
920 2220 1038 2294 voluit,
1059 2223 1098 2282 est
1121 2241 1221 2284 crocu„

266 2314 319 2363 tus.
346 2300 499 2392 Longolio
517 2315 617 2366 autem
638 2299 826 2359 translatione
846 2299 942 2359 locum
963 2297 1103 2359 illustrare
1124 2302 1218 2381 magis

266 2379 367 2466 Placuit
386 2401 396 2453 3
427 2379 531 2461 idque,
553 2396 587 2440 ut
616 2378 691 2437 mihi
710 2377 833 2517 ¹quidem
854 2378 996 2451 videtur,
1019 2376 1095 2439 haud
1124 2378 1219 2442 effecit

265 2457 389 2530 obscure.
417 2458 558 2536 Queritur
578 2457 682 2518 Cicero
721 2457 800 2518 emes
815 2477 882 2519 cum
903 2455 1029 2531 Coelio,
1056 2473 1144 2538 atque
1164 2457 1218 2520 ite-

264 2543 320 2602 ium
341 2556 411 2602 cum
433 2538 505 2600 Silio
518 2535 532 2613 ,,’
552 2537 601 2598 sibi
622 2535 710 2598 verba
730 2536 820 2597 deesse
841 2536 877 2597 ad
900 2534 1077 2599 scribendum
1098 2556 1106 2597 :
1127 2554 1216 2618 auget

265 2635 351 2681 utrum
375 2639 411 2681 ue
439 2615 535 2682 locum
557 2615 718 2708 Longolius
741 2617 800 2678 soso
832 2617 862 2676 in
885 2614 949 2677 loco
969 2615 1006 2678 ad
1027 2617 1217 2679 Laurentium

264 2640 480 2761 Batthtiiinum.
500 2690 603 2757 Cicero
625 2696 715 2777 tgitut
735 2696 794 2759 fic:
815 2698 932 2756 Putares
950 2717 984 2755 ue
997 2719 1128 2777 umquam
1147 2700 1218 2760 acci·-

262 2777 315 2837 dere
329 2777 429 2857 poffe,
455 2775 577 2852 utimihi
605 2774 691 2834 verba
712 2776 857 2855 deessent,
885 2797 970 2856 neque
984 2777 1075 2852 solum
1097 2777 1148 2855 issa
1169 2802 1218 2839 ve·

259 2845 307 2929 sm
325 2857 454 2916 Oratorio
469 2900 479 2931 ‚
493 2855 548 2932 sed
568 2853 623 2915 bec
642 2856 725 2914 etiam
744 2857 822 2915 levia
841 2853 989 2931 nosiratia?
1010 2856 1110 2933 desunt
1125 2875 1217 2918 autem

258 2934 445 3016 propter‘hanc
459 2934 595 3013 caussam,
616 2937 691 3013 quod
706 2932 816 3008 miusice
824 2936 890 3011 sum
907 2934 1059 3012 solicitus,
1084 2937 1218 3014 quidnam

262 3013 292 3073 de
304 3016 461 3096 provinciis
480 3015 655 3075 decernatur.
676 3014 747 3075 Haec
769 3013 805 3075 ad
824 3014 972 3084 Coelium;
988 3014 1024 3074 ad
1045 3014 1150 3074 Silium
1167 3035 1218 3077 au·

263 3107 316 3155 tem
337 3093 375 3155 sic
392 3115 410 3155 τ’
422 3095 486 3155 Non
507 3094 614 3174 putavi
629 3090 693 3167 sieri
705 3092 804 3173 poffe,
824 3112 857 3151 ut
881 3091 950 3150 mibi
972 3090 1058 3150 verba
1073 3091 1216 3171 deeffentt

255 3171 302 3246 sed
315 3192 407 3233 tamen
433 3176 463 3233 in
482 3176 517 3232 C.
533 3173 617 3233 Lenio
633 3172 841 3233 commendando
862 3171 975 3248 desunt.
995 3163 1129 3232 caussam
1149 3172 1215 3233 nul·

261 3250 317 3312 sam
339 3253 388 3315 hic
410 3251 505 3314 assere.
528 3252 689 3333 Longolius
709 3269 807 3311 aurem
828 3265 983 3332 utrumque
1004 3249 1100 3312 locum
1121 3251 1157 3314 fic
1178 3272 1216 3313 ae-

261 3331 384 3394 musatus
405 3331 469 3393 est:
501 3333 662 3411 Numquam
681 3331 880 3409 sompnium,
901 3348 932 3388 ut
947 3349 997 3390 aut
1020 3352 1062 3390 res
1078 3375 1087 3408 ,
1106 3333 1142 3393 de
1158 3355 1222 3414 quo,¹

259 3410 295 3470 ad
314 3409 523 3489 rescriberem,
543 3427 592 3470 aut
615 3412 699 3469 eriam
713 3407 824 3486 verba,
853 3407 954 3489 quibus
975 3428 1061 3472 recum
1081 3434 1217 3491 agerem,

257 3486 321 3549 mibi
346 3491 492 3571 deessent,
508 3490 655 3571 presertim
672 3486 703 3562 st
713 3506 771 3548 tam
795 3489 872 3571 longo
891 3490 1038 3550 intervallo
1054 3491 1149 3552 literas
1163 3494 1215 3553 da·

256 3590 306 3628 rem
321 3592 335 3641 ,·
348 3570 404 3649 sed
446 3570 509 3629 lane
528 3591 600 3630 nunc
613 3569 726 3647 desum.
748 3570 803 3630 Hic
826 3569 898 3629 euim
913 3572 988 3649 quod
995 3570 1144 3647 scribam,
1166 3594 1213 3632 neo

272 3652 382 3710 uomodo
400 3589 519 3727 sepribom
535 3694 544 3723 ,
558 3647 631 3725 sertis
653 3650 780 3708 occurrit.
801 3650 896 3708 Nolim
918 3649 1034 3727 insolens
1055 3650 1159 3709 videri.
1180 3651 1209 3711 Si

254 3669 298 3788 iis
316 3729 348 3790 in
377 3729 449 3790 iocis
469 3727 618 3789 Ciceronis
638 3726 793 3789 aussoritas
821 3728 988 3803 auferatur,
1009 3749 1042 3789 ac
1064 3728 1210 3809 utriusque

254 3822 368 3873 tantum
388 3808 446 3871 loci
465 3807 593 3892 dignitas
614 3825 696 3889 aeque
715 3805 877 3872 conferatur
898 3854 907 3886 ‚
936 3826 995 3871 non
1014 3804 1125 3869 sortasse
1147 3808 1212 3890 son.

286 3917 289 3922 '
1136 3906 1171 3968 ἓξ
