3034 4559
485 449 606 511 rocas
624 452 839 533 Quaenam
853 450 1046 511 inritum.
1146 468 1203 532 157
1295 505 1298 511 ,
1357 460 1359 463 ·

276 546 331 596 aut
350 548 417 593 cum
441 529 537 609 aliquo
555 576 561 589 .
582 530 638 591 Sed
660 529 743 589 redeo
765 530 801 590 ad
823 530 932 591 Alciati
954 530 1119 610 exemplum
1141 576 1148 591 .
1171 535 1201 595 Is
1223 552 1243 592 rr

281 609 497 678 siberir‘dixit3
527 610 630 670 Cicero
653 629 722 670 veto
742 632 761 665 a
778 606 840 680 filio
858 610 955 669 eadem
971 609 1177 691 significatione
1198 614 1242 675 di·

278 693 350 753 ·xisse
373 688 504 763 videtur,
526 689 578 770 qui
599 709 652 768 pro
672 693 709 748 A.
725 688 865 749 Cluentio
885 689 1009 771 inquit,
1037 710 1082 766 24
1103 692 1144 749 ita
1160 694 1186 750 ei
1202 712 1242 751 rt·

278 773 410 850 flumenta
437 769 511 849 legat
525 768 659 848 grandem
676 768 822 849 pecuniam
838 792 855 825 a
865 765 951 842 filio,
978 768 1007 842 fi
1018 771 1081 848 quis
1106 788 1186 829 natus
1203 771 1241 847 es·

278 850 342 928 set:
365 846 402 908 ab
411 846 532 925 ftcmdo
547 848 673 921 haerede,
703 846 776 906 nihil
793 848 892 927 legat3
922 848 972 909 ubi
987 848 1026 909 est
1047 872 1066 907 a
1074 846 1136 922 filio
1152 870 1241 918 nat03

279 929 351 991 idest
374 928 479 988 virtute
488 922 550 1000 filii
566 928 642 987 nati.
665 927 813 1002 Quoniam
830 926 908 987 enim
926 928 1043 1008 Magius
1067 930 1162 990 uxoris
1180 950 1241 993 cor·

282 1029 314 1073 -ru
334 1023 371 1071 tae
392 1007 577 1068 abortionem
600 1006 738 1081 timebat,
758 1005 871 1081 ofilio,
892 1028 978 1088 quent
996 1028 1030 1067 ea
1045 1009 1077 1069 in
1094 1025 1176 1071 utero
1192 1030 1240 1091 ge·

346 1103 386 1163 t,
407 1085 549 1167 grandem
566 1087 720 1166 pecuniam
741 1086 844 1166 legat,
866 1103 898 1147 ut
916 1088 1019 1147 mulier
1039 1108 1073 1149 ea
1094 1088 1141 1168 spe
1162 1090 1241 1152 inco·

280 1168 392 1248 lumem
420 1182 538 1246 partum
562 1166 627 1226 edat
645 1185 654 1234 ;
671 1181 772 1226 contra
796 1186 864 1226 vero
885 1187 920 1226 ne
941 1166 1045 1235 maiori
1074 1188 1091 1227 a
1112 1168 1239 1230 secundis

283 1245 442 1310 lnredibus
463 1260 597 1325 corrupta
618 1244 798 1306 abortionem
814 1244 919 1306 faceret
934 1246 1103 1320 ‚asecundis
1125 1248 1241 1309 lraeredi·

280 1325 336 1388 bus
359 1325 387 1386 e'i
404 1324 479 1385 nihil
489 1325 583 1405 legat.
603 1324 765 1413 Utrobique
772 1339 868 1385 autem
877 1324 959 1385 fivea
976 1325 1032 1388 five
1048 1325 1084 1385 ab
1099 1328 1241 1405 particula

280 1409 387 1466 vitute
407 1402 468 1484 [ut
486 1406 576 1484 vulgo
593 1404 681 1465 nostri
697 1403 825 1483 dicunt]
847 1403 952 1483 exponi
970 1404 1087 1484 potest,
1108 1426 1167 1478 non
1188 1427 1240 1467 au-

280 1497 347 1547 tem·
363 1485 464 1545 donec.
487 1484 592 1564 Neque
615 1504 670 1563 ego
692 1504 769 1543 nunc
783 1488 960 1563 'exponerem
982 1507 1001 1541 a
1014 1480 1092 1558 sisio,
1114 1484 1237 1560 horest,

282 1583 373 1647 quam
384 1560 466 1636 filins
481 1563 505 1620 ei
519 1564 613 1623 daret.
637 1565 717 1623 Nam
732 1563 821 1643 quid,
843 1580 998 1643 antequam
1021 1562 1056 1624 ad
1076 1562 1104 1622 id
1125 1567 1238 1637 atatis,

284 1642 535 1723 utsacerepollet,
556 1644 742 1723 pervenisset,
762 1639 866 1702 laceret
888 1640 999 1703 mater?
1022 1642 1238 1706 autfinatusfi·

284 1722 338 1785 lius
354 1721 444 1803 paulo
465 1723 526 1801 post
535 1722 702 1796 decessisset,
724 1741 796 1782 num
806 1742 868 1781 earn
878 1722 1030 1801 pecuniam
1039 1739 1131 1784 mater
1152 1723 1240 1786 afilio

283 1818 398 1864 mortuo
416 1818 513 1881 petere
529 1799 668 1862 deberet?
692 1818 724 1863 ut
747 1803 869 1862 omnino
890 1824 908 1859 a
918 1799 980 1875 filio
1001 1824 1035 1863 eo
1058 1804 1088 1863 in
1110 1805 1175 1865 loco
1197 1804 1238 1866 le·

314 1898 346 1945 ta
375 1881 499 1961 pecunia
527 1880 562 1941 stt
581 1883 685 1940 virtute
702 1878 764 1953 filii
788 1877 941 1958 nascituri.
974 1882 1116 1946 ffistimari
1137 1899 1238 1945 autem

281 1897 401 2025 lineola
421 1960 457 2020 ab
477 1960 632 2021 veraniolis
653 1959 735 2035 suit,
758 1960 798 2021 est
820 1977 964 2042 quantum
985 1982 1047 2051 qua
1068 1962 1104 2023 ab
1125 1964 1236 2025 amicis-

281 2040 355 2103 fimis
376 2039 635 2116 sustentabant,
664 2038 754 2120 digna
774 2058 882 2115 erant,
911 2056 944 2101 ut
965 2057 1064 2102 ettam·
1089 2043 1165 2104 tanti
1186 2042 1235 2105 fre·

280 2138 357 2184 rent.

283 2217 285 2223 '
312 2202 396 2263 Cum
415 2215 514 2261 autent
534 2199 598 2280 agit
618 2198 652 2257 de
669 2198 857 2279 patrocinio,
879 2198 977 2279 inquit
994 2221 1003 2270 3
1022 2202 1165 2263 Advocati
1187 2226 1234 2262 ve-

279 2278 374 2362 to·t'pfi
380 2324 390 2355 ,
405 2280 458 2356 seu
473 2279 586 2339 Patroni
600 2278 683 2337 iidem
700 2281 824 2337 Oratores
839 2279 992 2354 caussarum
1007 2297 1107 2353 mant,
1138 2283 1188 2359 qui
1203 2283 1234 2342 in

274 2362 353 2436 foro,
383 2360 423 2419 O*
439 2359 516 2419 curia
539 2381 605 2419 voce
621 2357 728 2431 cauffas
749 2356 917 2417 tuebantur.
946 2358 1045 2431 Quist
1071 2358 1230 2422 Asconium

279 2440 391 2500 vidisset
408 2437 643 2499 Grammatitum
664 2434 808 2518 [quando
825 2437 874 2496 ille
892 2456 991 2498 omnes
1007 2438 1233 2521 Latinaelinguae

279 2515 456 2599 lntetpretes'
475 2518 691 2579 Grammaticos
708 2515 854 2597 appellat]
877 2534 1013 2590 nontam
1030 2518 1177 2597 pueriliter
1193 2520 1234 2580 la·

278 2597 339 2678 psus
357 2597 441 2658 esset.
464 2596 517 2656 Ille
532 2597 623 2677 igitur
639 2596 753 2676 inquit:
775 2600 825 2675 qui
841 2598 965 2674 defendit
980 2601 1096 2656 alterurn
1112 2598 1234 2679 inJudi-

277 2679 332 2754 cio,
352 2675 689 2749 archimandrita,
705 2673 735 2749 fi
748 2678 845 2735 Orator
861 2677 897 2753 est
905 2699 917 2746 ,·
936 2696 986 2735 aut
1003 2677 1165 2738 Advocatus
1180 2723 1190 2754 ,
1207 2678 1237 2752 fi

276 2776 323 2815 aut
339 2759 389 2836 jus
398 2755 540 2837 suggerit,
561 2773 610 2813 our
616 2755 789 2833 praesintiam
799 2756 882 2833 suam
898 2758 1048 2817 commodat
1063 2760 1162 2819 amico:
1182 2777 1233 2817 aut

278 2839 438 2898 Procurator
446 2856 460 2909 ,·
470 2832 500 2908 fi
512 2834 647 2915 negotium
656 2835 775 2917 suscipit
793 2856 802 2906 3
822 2856 870 2896 aur
887 2838 1037 2915 Cogniror,
1059 2836 1088 2910 st
1095 2840 1233 2918 praesentis

275 2916 396 2994 tauffam
413 2915 518 2987 novit,
540 2918 579 2974 (θ’
589 2912 630 2987 stc
645 2933 760 2989 tuetur,
781 2934 812 2973 ut
821 2917 904 2991 stram
923 2961 929 2974 .
951 2914 1008 2976 Ubi
1030 2916 1144 2995 planius
1174 2918 1234 2980 dici

272 3016 334 3056 non
362 2994 452 3075 posset
467 2996 652 3066 Oratorem,
673 2994 877 3055 &Patronum
894 3014 961 3054 eum
983 2994 1057 3067 esse,
1087 2999 1139 3075 qui
1155 2997 1233 3059 caus·

276 3074 336 3135 sam
362 3073 454 3153 ipsam
479 3075 542 3154 agit
557 3073 593 3133 ad
610 3072 750 3143 Judices;
779 3073 963 3133 Advocatum
982 3091 1075 3145 vero,
1104 3075 1155 3155 qui
1178 3092 1230 3137 aut

274 3153 424 3235 prasentia
442 3150 491 3212 sua
506 3152 602 3212 amito
618 3152 711 3225 adest,
733 3167 784 3211 aut
800 3151 814 3220 J
819 3172 851 3211 us
868 3150 1011 3229 suggerit,
1032 3151 1088 3213 hoc
1104 3153 1160 3228 est,
1177 3156 1229 3235 qui

274 3232 378 3315 probat
395 3252 430 3292 ex
446 3232 512 3302 Jure
529 3229 596 3305 esse,
617 3229 694 3311 quod
711 3228 747 3289 ab
763 3231 886 3290 Oratore
902 3229 1022 3304 dicitur,
1046 3231 1231 3307 indedietus,

273 3311 354 3396 quod
374 3312 405 3371 in
432 3310 556 3371 caussam
577 3310 659 3370 illam
685 3324 805 3369 vocatus
828 3308 884 3369 fit.
905 3311 974 3370 Ter.
994 3329 1040 3389 32.
1060 3330 1091 3371 ut
1109 3315 1231 3395 diligen·
1271 3372 1274 3378 .

271 3410 312 3451 ter
331 3392 442 3453 nuntiet
463 3392 569 3464 Patri,
598 3390 761 3452 Advocatur
788 3411 867 3447 mane
887 3387 957 3449 misni
983 3390 1034 3470 effe
1054 3396 1230 3470 meminerit,

272 3470 428 3544 videlicet,
450 3485 483 3530 ut
500 3484 616 3531 tantum
624 3468 712 3541 adst,
733 3468 823 3529 acsua
835 3468 987 3548 prasentia
1002 3474 1124 3535 caullam
1134 3496 1229 3537 meam

272 3552 380 3623 juvet.
402 3551 483 3609 Nam
499 3550 519 3610 si
537 3552 676 3611 Patronus
691 3547 786 3609 suisset
805 3590 813 3612 ,
833 3550 952 3610 nonita
975 3550 1142 3632 simpliciter
1162 3574 1228 3615 cum

272 3651 307 3691 eo
324 3650 377 3711 per
393 3628 490 3689 siliunt
505 3629 627 3709 egisset.
655 3629 708 3689 Sed
725 3627 801 3689 tet‘le
818 3628 907 3690 Valla
922 3650 956 3690 ex
976 3630 1153 3705 Quintiliani
1171 3631 1228 3696 sen·

237 3708 241 3719 “
273 3710 367 3772 tentia
383 3708 486 3769 sentire
509 3709 647 3782 videtur,
675 3728 741 3768 cum
762 3709 912 3766 Patronutn
928 3729 981 3788 pro
1002 3709 1136 3787 desenfhre
1165 3726 1228 3771 tan-

274 3805 339 3853 turn
357 3787 413 3849 esse
425 3788 520 3866 dicit,
542 3808 600 3850 non
617 3802 715 3851 autem
729 3787 819 3850 etiam
836 3806 887 3870 pto
909 3788 1079 3875 accusatore,
1095 3788 1170 3879 unde
1186 3806 1228 3853 et-

1129 3888 1189 3931 tam
