3034 4559
170 3499 172 3535 s

222 518 272 581 sed
292 519 322 584 id
344 540 437 661 neque
459 517 526 582 secit
539 520 661 609 inepte,
682 541 718 581 ne
740 540 776 583 ne
799 516 857 583 sine
878 516 992 581 aurium
1008 516 1106 609 aliqua
1123 487 1186 583 sum

223 602 340 677 vitate.
363 603 389 664 U
410 602 421 661 i
449 603 548 661 autem
569 598 672 661 Cicero
693 598 755 676 iln
775 598 922 661 talitatem
942 599 1081 662 Memmii
1100 621 1184 663 excu-

224 677 285 753 sat,
309 679 362 741 suae
379 700 448 741 vero
469 679 629 818 diliqentiae
651 680 773 753 metuit,
794 677 956 759 Longolius
973 678 1059 740 unico
1076 678 1106 741 id
1120 699 1184 742 ver-

223 757 281 832 bo,
297 760 428 837 defitiffe,
445 778 611 840 compertus
628 761 682 821 est.
700 756 816 839 Ecquid
824 774 921 819 autem
937 756 1099 832 existimas,
1115 778 1186 824 cum

225 838 257 900 id
278 836 461 912 membrum,
479 860 511 900 ac
549 838 641 900 uoties
666 836 797 903 scriberet
821 837 999 918 Longolius,
1020 836 1104 900 illam
1121 858 1189 901 eam

225 915 335 998 semper
351 915 510 978 adhibuisse
526 858 577 980 iili
599 916 727 991 entiam,
747 915 787 983 ad
801 937 868 979 eum
884 917 1004 979 modum
1020 917 1186 983 orationem

225 996 327 1071 suam,
348 1017 437 1078 quern
460 996 529 1058 tusi
572 938 667 1072 sicas,
687 994 896 1079 eloquendam?
919 998 1000 1064 Nam
1020 998 1040 1059 sr
1064 998 1108 1064 ita
1128 999 1187 1074 esi,

225 1075 331 1141 malim
349 1076 483 1157 equidem
499 1017 769 1144 veininfannffimus
784 1075 855 1152 esse,
876 1097 965 1160 quam
981 1098 1016 1139 eo
1034 1077 1122 1139 modo
1138 1076 1189 1140 vel

225 1155 399 1222 Ciceronem
422 1155 516 1237 ipsum
541 1153 685 1217 scribendo
709 1154 864 1236 superare.
895 1158 975 1222 Nam
999 1177 1043 1218 res
1066 1156 1105 1218 est
1126 1177 1190 1220 non

225 1232 317 1297 modo
341 1234 450 1297 infiniti
473 1236 614 1315 negotii,
642 1235 689 1296 sed
713 1234 830 1296 sumrnae
854 1235 943 1296 etiam
967 1235 1188 1317 desperationis.

223 1316 298 1377 ⁴Non
319 1314 453 1395 equidem
470 1314 500 1374 id
517 1313 602 1388 dico,
624 1313 776 1393 Alphnnse‘
800 1313 959 1395 Princeps,
979 1331 1093 1380 catum
1110 1318 1190 1378 Lon·

216 1430 220 1437 ·
246 1394 343 1457 olium
360 1392 396 1454 ad
414 1394 530 1455 literam
547 1392 717 1468 observasse,
738 1413 807 1455 curn
824 1393 971 1467 scriberet,
992 1414 1056 1473 quae
1076 1415 1129 1455 nos
1151 1393 1191 1457 ad

263 1473 380 1536 ceronis
398 1472 543 1533 rationem
563 1471 666 1553 scripta
681 1473 733 1538 esse
748 1470 833 1532 suciie
849 1470 1091 1553 comprobamus3
1108 1474 1189 1555 quod

227 1553 350 1638 quidem
368 1552 433 1613 esser
453 1552 502 1616 vel
518 1552 629 1626 etiam,
645 1571 736 1634 quam-
751 1550 810 1631 ipse
826 1551 913 1626 reris,
930 1551 1025 1617 multo
1038 1552 1142 1641 pejus,
1154 1573 1192 1621 ac

230 1631 376 1702 Odioslus3
395 1629 442 1691 sed
458 1630 488 1692 id
507 1630 694 1710 asseveranter
710 1630 846 1705 affirmo,
865 1650 930 1696 eam
949 1630 1133 1711 scriptionem
1152 1653 1192 1694 ex

228 1731 263 1788 eo
280 1710 351 1784 usu,
373 1730 463 1793 quem
477 1708 527 1772 fibi
544 1727 725 1773 contraxerat
743 1730 778 1771 ex
795 1709 902 1772 assidua
926 1708 1073 1772 Ciceronis
1089 1711 1191 1774 lediio·

227 1810 283 1865 ne,
307 1790 353 1850 illi
374 1789 485 1855 adeum
506 1789 625 1851 modum
645 1790 678 1850 in
688 1810 738 1861 os,
760 1805 848 1873 atque
871 1791 902 1852 in
918 1790 1064 1851 calamum
1086 1790 1193 1857 venisse

228 1861 388 1941 facillime3
409 1868 658 1951 quemadmodum
673 1868 704 1930 &
721 1869 794 1944 tibi,
815 1870 845 1931 δι
861 1869 1013 1943 omnibus,
1035 1891 1103 1932 cum
1126 1869 1191 1933 scri-

228 1948 326 2012 bimus
348 1993 358 2023 ,
386 1949 500 2011 evenire
522 1950 654 2014 videmus
673 1971 682 2020 3
703 1948 808 2033 quibus
830 1949 867 2016 ad
887 1950 1014 2032 quasque
1036 1951 1116 2011 vocis
1137 1971 1191 2012 no·

227 2030 288 2093 sstae
311 2028 406 2093 literas
429 2027 555 2109 singulas.
574 2049 611 2094 en
630 2029 762 2093 universo
784 2029 935 2093 literarum
955 2029 1055 2090 ordine
1076 2030 1192 2110 perqui·

227 2107 331 2186 tendas
351 2108 448 2169 nullus
470 2106 509 2170 est
518 2107 616 2182 labor,
638 2107 759 2175 nulium
783 2110 821 2174 est
831 2109 974 2179 studium,
996 2108 1106 2246 quippe.
1125 2129 1192 2189 quar,

230 2188 280 2252 sua
302 2187 403 2267 sponte
422 2208 457 2248 ex
478 2185 555 2261 usu,
576 2208 665 2267 quem
686 2188 805 2261 ineis,
826 2188 969 2267 legendo,
987 2208 1021 2252 ac
1054 2186 1190 2254 exibendo

229 2263 434 2350 confecimus,
464 2265 543 2347 quasi
572 2268 604 2326 in
633 2268 778 2345 postremo
801 2265 914 2327 calamo
934 2266 1096 2328 constituta
1116 2264 1191 2339 sint,

229 2345 315 2410 nobis
336 2348 435 2427 praesto
455 2344 586 2419 adsunt,
605 2362 693 2426 atque
716 2345 822 2406 cadunt
843 2365 909 2404 cum
932 2359 1095 2405 atramento
1114 2343 1193 2405 citis-

231 2427 325 2492 srme.
345 2427 449 2507 Neque
469 2425 540 2486 item
561 2424 617 2498 ei,
644 2423 696 2506 qui
717 2424 749 2487 in
771 2423 875 2484 fidibus
897 2423 978 2484 usum
1000 2422 1102 2485 habeat
1124 2422 1194 2484 side·

231 2507 319 2579 iem,
346 2503 455 2586 semper
477 2504 502 2565 is
522 2524 654 2576 neruus,
684 2504 735 2585 qui
765 2502 802 2566 ad
831 2522 984 2563 numerum
1006 2502 1192 2583 respondeat,

232 2585 328 2667 digito
349 2585 427 2665 prius
447 2584 502 2646 erit
523 2584 697 2656 tentandus,
717 2599 747 2644 at
770 2603 805 2645 ue
826 2603 859 2643 ex
882 2581 1032 2657 lorandus,
1054 2581 1121 2644 cunr
1146 2602 1194 2644 ca-

233 2682 306 2739 nat,
325 2662 372 2726 sed
394 2663 419 2724 is
441 2684 477 2728 ex
499 2663 589 2725 veteri
609 2603 817 2728 consuetudine
840 2602 884 2723 ilii
913 2663 992 2745 quasi
1021 2664 1053 2723 in
1080 2661 1193 2743 digitos

234 2745 379 2807 incurrere
398 2742 530 2813 videtur,
548 2743 621 2833 quin
641 2744 748 2818 etiam,
768 2758 820 2806 aut
842 2741 932 2805 oculis
953 2743 1013 2805 alio
1032 2741 1194 2813 conversis,

235 2841 285 2891 aut
307 2824 397 2884 etiam
419 2822 536 2895 clausis,
551 2822 587 2883 id
608 2824 779 2885 continuare
799 2844 859 2885 non
880 2822 1040 2888 dubitabit.
1059 2827 1101 2890 At
1121 2822 1193 2904 quid

234 2906 376 2975 mirum,
404 2902 424 2963 sr
446 2922 481 2962 ex
504 2902 639 2964 universo
660 2903 802 2966 Cicerone
822 2903 983 2983 Longolius
1007 2922 1098 2992 pauca
1116 2921 1194 2983 quae·

235 2985 302 3045 dam
325 2980 456 3042 membra
478 2980 528 3041 fibi
548 2980 680 3059 delegit,
707 3003 771 3064 quae
791 2986 822 3042 in
843 2982 922 3047 suam
943 2998 1105 3043 orationem
1126 3000 1195 3040 cum

236 3061 396 3135 mutando,
417 3077 479 3122 tum
500 3060 645 3121 imitando
664 3059 893 3123 commodissime
904 3055 1081 3121 transferret?
1104 3058 1152 3119 Ita
1167 3059 1195 3117 ess

237 3146 300 3205 uim
323 3141 368 3202 illi
389 3141 493 3202 accidit
515 3141 546 3200 in
570 3141 623 3201 isto
645 3138 694 3200 suo
716 3139 866 3212 artificio,
886 3134 1132 3220 quemadmodum
1152 3136 1196 3216 pi,

237 3222 344 3295 dori,
371 3220 423 3301 qui
444 3236 535 3283 artem
557 3217 638 3279 suam
659 3218 690 3279 in
712 3216 903 3299 exprimendis
933 3214 1099 3279 hominibus
1119 3236 1196 3280 exet-

239 3318 303 3372 cet;
324 3300 377 3382 qui
400 3300 430 3364 in
452 3300 490 3361 iis.
513 3298 542 3359 id
562 3299 677 3380 egregie
697 3298 875 3377 praestiterit,
895 3297 946 3379 qui
970 3297 1121 3378 separatim
1143 3295 1202 3357 ali-'

240 3380 311 3464 quid
332 3378 493 3449 adjumenti
514 3378 557 3457 ad
573 3399 605 3439 os
636 3378 717 3439 suum
740 3376 853 3437 facilius
874 3376 1091 3458 exprimendum
1113 3375 1199 3437 habe·

241 3460 343 3549 bunt3⁸
355 3474 388 3549 ut
404 3460 455 3539 qui
476 3479 559 3520 naevo
576 3458 693 3548 aliquo,
714 3457 765 3539 qui
787 3457 873 3531 naso,
890 3458 940 3549 qui
959 3457 1097 3548 ore,·qui
1113 3455 1198 3517 oculo

169 3546 173 3621 J
243 3557 291 3602 aut
312 3554 448 3613 vitiato,
478 3555 530 3598 aut
557 3554 646 3599 enam
669 3536 790 3599 venusio
810 3552 906 3599 notati
932 3537 1010 3608 sint,
1033 3558 1064 3598 rn
1093 3533 1200 3597 caeteris

170 3678 176 3696 ‚
244 3635 357 3691 autem,
380 3618 431 3699 qui
452 3615 585 3755 aequabili
608 3635 712 3680 natura
731 3617 786 3679 slnt
802 3614 888 3692 sadi,
910 3616 1044 3681 nonita,
1064 3617 1199 3676 Attotus

169 3699 183 3768 ξ’.
247 3698 357 3778 legatur
378 3698 442 3757 Lon

446 3717 483 3755 σο
496 3699 559 3764 ius3
580 3696 646 3757 casu
662 3697 722 3765 eius
738 3695 879 3758 volumen
900 3696 1064 3784 aperiatur3
1086 3690 1138 3752 nifi
1157 3706 1201 3751 to-

247 3792 289 3838 tus
310 3778 349 3841 est
371 3776 426 3836 suis
444 3744 610 3840 simillimus
631 3777 662 3841 in
684 3776 737 3841 hac
758 3775 895 3841 scribendi
918 3791 1046 3852 tattone3
1067 3770 1122 3836 hoc
1144 3765 1201 3858 est,

287 3926 290 3934 Ι
323 3850 476 3915 Tom.'1H.
798 3854 828 3914 Η
1108 3869 1160 3936 qur
