3034 4559
390 448 456 509 na
475 445 720 506 cousinio
739 445 1023 513 enrucrrrr.
1085 467 1141 529 145

170 521 172 584 l
228 549 256 594 ro
274 547 343 592 curn
366 527 444 590 intra
463 525 559 587 nostra
578 523 704 605 prasidia
724 522 867 598 versetur,
887 524 991 607 cuique
1010 526 1104 590 nostra
1119 552 1180 594 non

226 610 311 673 modo
332 607 450 669 consilia
471 606 525 666 sint
547 619 646 684 aperta
666 603 785 678 omnia,
805 623 907 665 verum
927 625 1027 667 eorum
1049 608 1178 687 plurima

220 711 253 753 ex
283 688 344 758 ejus
380 685 522 747 sententia
550 683 580 744 δι
604 684 840 757 constituantur,
871 683 902 745 δι
932 703 1095 765 gerantur,
1123 690 1179 752 hoc

220 769 303 832 nulla
335 765 522 847 perniciosior
546 762 661 843 pellis,
689 763 787 824 nullus
815 763 967 843 capitalior
987 766 1076 830 nostis
1095 770 1181 832 rebus

216 848 321 912 uostris
343 844 473 907 adhiberi
490 842 608 925 potest.
639 842 679 903 Et
699 840 827 923 profesio
853 863 921 904 cuna
947 844 1057 909 duobus
1084 850 1183 912 modia

215 927 338 992 ²homini
369 925 475 995 injuria
502 922 554 984 fiat
583 923 739 993 mammea
779 922 811 984 vi
841 943 924 994 uno;
961 924 1054 988 altero
1081 924 1183 991 fraude

215 1010 249 1078 ’δι
268 1005 415 1076 malitia3
446 1002 571 1076 multo,
600 1001 678 1083 quod
707 1001 883 1082 postremum
903 1002 968 1078 est,
995 1006 1179 1085 perniciosius

215 1087 341 1151 ¹babetur
364 1128 374 1161 ,
396 1084 518 1165 dignum
542 1102 577 1143 ue
599 1082 668 1143 odio
689 1084 729 1145 est
751 1083 882 1152 majore.
902 1082 959 1144 aed
979 1085 1038 1155 iarn
1061 1086 1181 1152 adlide-

213 1168 333 1232 ·litatem
355 1162 501 1225 redeamus
510 1102 615 1222 anm
637 1162 729 1243 igitur
748 1161 936 1224 Consiliarius
956 1164 1050 1226 noster
1092 1170 1183 1230 rasta·

216 1244 401 1318 redebebit,
421 1261 485 1324 quar
495 1241 596 1303 multis
618 1242 771 1322 propositis
778 1242 921 1321 pramiis,
943 1244 1045 1306 multis
1062 1186 1179 1317 objectis

218 1325 369 1409 periculis,
386 1341 478 1404 neque
495 1321 610 1394 minui,
628 1341 720 1402 neque
729 1319 892 1382 labesallari
900 1321 968 1401 quic
989 1344 1056 1384 uam
1075 1327 1180 1405 possit-3

221 1425 280 1490 quae
297 1399 494 1466 fidelissimum
512 1400 664 1463 consilium
681 1400 748 1472 det3
771 1399 951 1482 quadratum
967 1342 1122 1483 diligenter
1138 1423 1179 1468 te·

221 1503 295 1568 gar,
318 1498 406 1565 atque
429 1478 583 1543 custodiat.
604 1480 658 1542 Sed
682 1481 824 1562 quoniam
849 1478 934 1550 huius
952 1500 1075 1621 tpetoque
1101 1486 1179 1547 ratio

217 1565 254 1628 ad
270 1583 340 1628 eum
358 1561 485 1622 maxime
501 1560 643 1641 pertinet,
664 1560 716 1640 qui
733 1559 793 1630 ejus
818 1580 837 1620 o
873 1560 952 1620 rain
972 1562 1051 1641 iget,
1070 1584 1131 1625 non
1149 1586 1180 1627 a·

222 1646 330 1708 lienum
356 1640 396 1701 est
419 1640 531 1716 visum,
553 1639 675 1720 s1,quae
698 1639 758 1720 ipse
782 1659 837 1720 prae
881 1659 909 1701 re
926 1640 1028 1703 debeat
1044 1642 1081 1704 ad
1104 1644 1181 1708 hanc

217 1723 288 1788 nous
322 1720 466 1796 uendam,
488 1718 571 1781 brevi
590 1738 799 1800 percurrerem.
820 1719 890 1781 Haec
915 1720 1007 1800 igitur
1025 1742 1083 1783 una
1099 1744 1132 1785 ea
1147 1745 1178 1787 re

272 1806 278 1818 '
304 1820 400 1864 rmum
421 1797 643 1874 conciliabitur,
666 1816 753 1882 arque
775 1798 991 1862 conservabitur
1014 1802 1179 1884 ardentius,

219 1823 399 1962 {Princeps
420 1880 480 1969 ipse
504 1895 638 1953 ametur,
659 1899 766 1964 perque
791 1878 892 1941 charus
916 1880 1074 1944 habeatur.
1097 1886 1179 1948 Nam

220 1981 268 2040 ut,
289 1979 366 2045 quos
393 1960 529 2034 odimus,
551 1957 660 2038 periisse
682 1959 1005 2043 cupimus3s1c,quos
1029 1983 1178 2040 amamur,
1214 1991 1217 1997 ’

222 2044 328 2126 quique
345 2039 427 2102 nobis
444 2036 598 2102 charissimi
624 2037 708 2113 sunt,
730 2038 859 2098 maxime
882 2041 1066 2117 incolumes„
1079 2061 1179 2123 poten·

170 2197 172 2202 y
223 2122 314 2206 tesque
331 2135 366 2183 ut
385 2120 459 2194 sint,
481 2122 664 2199 expetimus3
687 2133 860 2197 tantumque
884 2118 993 2194 aberit,
1017 2138 1050 2181 ut
1074 2143 1125 2183 nos
1143 2125 1178 2184 il-

224 2200 253 2266 lt
269 2202 344 2264 ullas
362 2198 473 2260 insidias
491 2198 666 2273 moliamur,
688 2214 819 2278 ut,quas
836 2195 874 2256 ab
893 2199 958 2258 aliis
975 2197 1064 2260 saclas
1081 2201 1179 2281 depre-

224 2279 429 2353 henderimro,
463 2278 549 2340 simus
581 2276 630 2341 vel
651 2298 719 2338 cum
736 2276 850 2337 summo
872 2278 934 2354 vite
955 2278 1082 2357 periculo
1112 2302 1180 2341 con·
1216 2309 1222 2319 r

225 2358 322 2424 stanter
349 2358 559 2440 propulsaturi.
582 2356 644 2432 Qui
666 2373 770 2418 autem
795 2355 846 2431 hec
863 2372 946 2418 tauta
960 2356 1116 2419 hominum
1131 2361 1180 2421 be·

226 2438 419 2515 nerolentia,
447 2455 535 2520 atque
561 2454 622 2498 tam
646 2434 739 2509 fidelis
763 2434 855 2495 animi
900 2437 1019 2517 ropensa
1042 2440 1179 2501 voluntai

226 2533 422 2602 comparetur,
442 2518 540 2600 paucis
558 2516 641 2579 nobis
665 2512 825 2578 videndum
849 2456 905 2575 esi).
926 2517 993 2578 Duo
1014 2538 1114 2579 eorum
1131 2539 1181 2600 ge·

225 2599 388 2674 nera-sunt,
409 2618 472 2679 quae
490 2613 625 2658 amantur
636 2616 646 2667 3
666 2615 777 2669 unum,
798 2595 877 2677 quod
901 2596 951 2658 sua
966 2597 1051 2678 ipsrus
1067 2600 1180 2671 caussa3

169 2693 176 2738 .·
226 2678 360 2753 alterurn,
374 2679 455 2760 quod
474 2676 621 2747 cuiusdam
638 2676 756 2737 alterius
773 2674 867 2738 studio
885 2690 1001 2739 tantum
1017 2679 1180 2758 experitur.

169 2761 177 2836 i
226 2753 262 2820 En
278 2758 423 2840 superiore
461 2776 543 2818 enere
562 2756 622 2817 sola
637 2756 676 2816 est
700 2756 813 2825 virtus3
833 2775 869 2817 ex
893 2757 1045 2835 posteriore
1061 2775 1179 2833 catera,

169 2843 180 2924 ,ἶ
225 2841 345 2976 ἓιιοῐυηι
366 2778 460 2899 cauli}
478 2836 611 2898 homines
626 2835 754 2897 maxime
772 2832 922 2908 laborant3
944 2839 1072 2913 divitia,
1094 2861 1181 2921 opes,

169 2949 177 2994 l
241 2918 392 3000 ignitates,
415 2918 536 2997 gloria,
556 2916 586 2977 &
611 2913 639 2989 sl,
657 2936 716 2996 qua
740 2914 806 2975 sunt
833 2918 892 2985 eius
917 2921 1028 3000 generis
1051 2922 1178 3002 reliqua.

169 2997 177 3074 i
225 2997 276 3072 Qui
295 2998 390 3080 igitur
407 2996 540 3075 Princeps
560 3017 577 3055 a
600 2992 657 3054 suis
680 2994 860 3055 Confiliariis
885 2999 976 3057 amari
1001 3000 1097 3074 volet,
1120 3001 1181 3079 [0-

169 3093 177 3142 t
225 3093 300 3140 tunm
316 3076 398 3138 enim
413 3076 489 3138 velle
506 3072 629 3152 debent]
647 3094 714 3135 eum
732 3073 850 3147 saltem,
870 3093 902 3136 ur
920 3076 1039 3155 speciem
1048 3078 1178 3159 aliquam

226 3156 364 3231 virtutis,
384 3155 501 3236 quando
524 3175 584 3215 non
608 3172 677 3213 curn
701 3152 832 3232 perseslis
857 3155 1023 3217 hominibus
1049 3158 1180 3235 vivitur,

180 3281 182 3290 .
291 3234 319 3298 se
335 3233 429 3311 ferat,
449 3255 568 3296 moneo.
588 3233 688 3292 Tanta
712 3232 751 3292 est
774 3234 852 3294 enim
880 3234 965 3316 ipsius
980 3237 1099 3298 virtutis
1116 3241 1180 3314 vis,

174 3329 179 3382 ,l
225 3252 414 3396 ffiignitas,
434 3331 468 3376 ut
495 3315 526 3374 in
550 3310 655 3393 quibus
679 3309 738 3379 eius
763 3312 882 3394 aliquod
910 3315 1009 3378 lumen
1026 3336 1180 3398 appareat,

173 3403 177 3482 j
226 3389 446 3466 ilvehemeuter
461 3392 498 3454 ab
514 3390 649 3454 omnibus
674 3407 825 3464 amentur,
848 3410 937 3475 atque
959 3395 1106 3468 colantur.
1128 3398 1181 3459 Sed

173 3491 177 3524 l
225 3489 282 3535 turn
308 3475 446 3535 omniurn
470 3473 528 3535 virt
551 3490 615 3532 turn
640 3470 787 3551 proprium
809 3473 843 3532 srt
864 3473 998 3539 homines
1022 3478 1058 3538 ad
1083 3477 1136 3539 sese
1152 3497 1182 3537 a·

174 3597 176 3624 2
224 3553 358 3618 nandum
379 3554 512 3628 allicere,
555 3572 592 3611 na
613 3567 712 3612 tamen
736 3549 866 3626 lustitia,
887 3575 945 3631 ac,
966 3575 1029 3637 quae
1053 3576 1119 3617 cum
1149 3577 1183 3616 ea

173 3631 176 3650 ¹
224 3632 372 3704 toniunsla
393 3633 457 3708 est,
480 3630 683 3706 beneficentia,
703 3632 796 3711 magis
816 3632 949 3695 homines
971 3636 1007 3695 ad
1027 3634 1100 3694 hanc
1123 3634 1184 3693 ani·

173 3665 177 3802 i
225 3712 261 3772 ni
275 3712 431 3795 gratissimi
446 3711 662 3793 propensionem
679 3727 805 3789 cogunt.
826 3713 960 3774 Omnino
976 3712 1181 3773 commendan-

173 3807 176 3874 t
225 3802 265 3854 tur
289 3796 308 3854 ii
331 3791 471 3931 quidleff,
488 3792 559 3875 qui,
580 3811 616 3853 ue
633 3789 743 3855 adversi
757 3789 868 3932 anidnd
890 3791 1016 3868 accidat,
1038 3791 1180 3871 sapienter

173 3929 175 3938 .
270 3907 273 3916 ·
298 3876 379 3933 Tom.
442 3915 449 3931 .
496 3901 498 3905 ⁴
785 3884 788 3888 ’
1073 3891 1137 3951 pru·
