3034 4559
545 488 957 569 ouuurcro,
1128 508 1186 573 195

267 566 390 636 mbuan
407 610 417 644 ,
445 583 534 652 atque
549 590 585 631 eo
601 570 692 631 etiam
709 570 836 645 reslius,
855 572 934 652 quod
959 570 1019 651 ipsa
1034 587 1151 654 quoque
1173 591 1227 639 co·

266 652 359 731 gnitio
374 647 487 730 abipsa
503 666 608 711 natura
623 649 700 711 nasci
718 649 877 712 videatur?
897 648 1013 806 (ἷυὲὴιις
1032 652 1190 717 rationibus
1210 693 1229 731 ,-

268 744 352 814 etque
369 728 524 812 exemplis
550 728 714 815 planissime
736 731 879 805 constat,
926 727 1054 796 udicium
1079 747 1188 796 natura
1210 770 1225 806 ,

267 826 322 872 uuo
343 824 443 871 autem
464 808 506 872 rei
527 808 729 889 cognitionis,
759 825 791 873 at
812 829 848 874 ue
869 807 936 875 usus
968 812 1092 875 omnino
1112 809 1225 875 mum

266 888 340 963 elle,
362 888 463 969 acqui
483 887 576 949 hoca
596 905 700 950 natura
721 907 780 952 non
824 887 933 965 abeat,
953 889 1032 954 hunc
1050 890 1133 953 nullo
1151 910 1227 973 quo·

267 984 319 1049 que
342 966 437 1030 studio
459 965 562 1028 habere
581 966 684 1047 posse.
713 968 784 1029 Haec
803 989 870 1032 cum
891 967 1004 1034 dixisset
1029 968 1195 1035 Flaminius
1213 1011 1230 1045 ,

268 1046 373 1116 tacuit3
395 1047 476 1119 cujus
499 1045 640 1111 sententia
659 1048 788 1110 multum
809 1067 909 1113 omnes
938 1065 1129 1122 commorat;
1157 1064 1228 1114 cum

268 1124 447 1207 Magioliu33
467 1124 587 1207 ecquid,
608 1126 731 1215 inquit,
754 1127 808 1189 tibi
829 1127 973 1203 Amasti,
998 1126 1112 1210 tibique
1131 1124 1228 1193 Bona,

267 1206 354 1280 uiti,
372 1204 490 1270 videtur
511 1204 546 1267 de
566 1206 709 1271 Flaminii
730 1203 897 1273 sententia?
918 1210 999 1271 Nam
1019 1207 1098 1290 quod
1118 1206 1230 1270 Aristo-

267 1283 332 1349 teles
357 1284 452 1366 magis
477 1304 546 1347 cum
568 1284 734 1350 Sebastiano
750 1285 936 1362 consentiat,
963 1304 1065 1351 omnes
1090 1284 1228 1350 scimust

267 1364 416 1445 nequehic
432 1378 530 1429 tamen
547 1364 578 1424 in
587 1361 637 1425 sua
653 1379 758 1430 natura
773 1365 869 1429 inanis
877 1365 932 1428 est.
952 1367 1033 1428 Tum
1049 1365 1225 1435 -Amaseius,

268 1442 406 1507 Nostrum
437 1441 499 1519 esl,
524 1441 559 1506 M
600 1444 678 1519 ioli,
709 1442 769 1524 [id
792 1444 870 1525 quod
902 1444 1105 1508 Bonamicium
1128 1446 1221 1508 etiam

266 1520 388 1589 arbitror
422 1521 568 1585 dissutum
632 1539 747 1589 tantum
782 1521 903 1585 audire.
940 1524 1114 1589 Accelssmus
1140 1524 1224 1588 enim

268 1603 308 1665 ilii
324 1600 424 1664 veslra
440 1601 638 1683 Disputationi
656 1602 750 1684 magis
766 1603 893 1666 audituri
909 1646 918 1679 ,
938 1622 1027 1693 quam
1043 1602 1196 1674 iudicaturi
1212 1642 1226 1679 ,

266 1680 352 1763 idque
368 1681 457 1742 etiam
477 1681 544 1746 casu
568 1681 710 1757 aldum,
732 1683 811 1766 quasi
836 1684 888 1764 qui
911 1699 1049 1765 quintam
1070 1683 1224 1764 personam

267 1761 294 1825 in
311 1757 427 1826 scenam
445 1758 574 1823 inserunt
591 1806 600 1835 ‚
630 1778 683 1823 aut
700 1762 731 1823 in
747 1761 860 1826 circulis
884 1782 1022 1827 coronam
1046 1761 1196 1846 complent
1213 1803 1225 1823 .

268 1840 366 1905 Nostri
391 1839 464 1916 Julii
481 1840 605 1914 Camilli
630 1840 688 1904 haec
708 1841 747 1904 est
765 1842 916 1923 provincio
933 1863 943 1915 ;
962 1843 1010 1907 cui
1024 1860 1085 1908 nou
1101 1839 1225 1904 arbitros

267 1918 450 1993 defuturum,
471 1920 551 2002 quod
566 1937 668 1984 contra
684 1938 783 1983 utrum
806 1942 859 1997 ue,
880 1939 967 2006 atque
984 1942 1037 2003 pro
1056 1939 1106 1984 utr
1146 1942 1183 1983 ue
1196 1942 1228 1984 es

265 2000 359 2143 ffiie
375 1999 527 2079 disputet,
550 1999 648 2141 resitue
671 2016 706 2061 ut
722 1942 926 2084 festinabeat,
954 2001 1050 2081 postea
1068 2021 1121 2085 pru
1143 2015 1225 2064 enter

328 2079 436 2141 onllret
453 2122 463 2154 ,
483 2095 571 2161 atque
618 2099 651 2141 os
669 2081 745 2144 inter
771 2082 826 2155 se,
855 2080 1065 2153 assidemus,
1093 2082 1224 2142 maxime

265 2159 423 2232 discordes,
444 2157 537 2224 amice
558 2175 732 2239 componat,
754 2175 844 2242 atque
866 2159 1087 2225 concilietud
1104 2158 1225 2229 haeclu·

265 2239 318 2301 lius
334 2238 481 2302 Camillus
497 2284 505 2301 .
535 2239 649 2320 Magna
665 2258 707 2300 res
723 2238 786 2311 est,
809 2238 937 2303 Romule
953 2283 961 2314 ,
983 2254 1016 2303 ut
1032 2255 1088 2317 ego
1107 2250 1224 2301 tantam

266 2318 486 2381 controversiam
508 2334 571 2392 tot,
593 2337 627 2380 ac
636 2333 697 2381 tam
714 2315 820 2379 validis
830 2316 992 2380 rationibus
1007 2319 1144 2397 utrinque
1153 2332 1226 2377 con·

265 2396 411 2459 firmatam
426 2397 506 2479 quasi
521 2397 613 2468 Jndex
630 2397 681 2459 fim
698 2396 925 2476 compositurus,
945 2416 979 2460 ac
994 2394 1030 2459 de
1044 2390 1226 2467 istorumlu·

265 2477 341 2541 dicio
356 2496 470 2558 agens,
494 2495 593 2537 meum
611 2475 662 2537 sim
677 2474 825 2547 Iudicium
851 2477 882 2540 in
899 2475 1060 2557 periculum
1083 2474 1226 2541 adductu-

266 2577 331 2627 tus;
351 2554 490 2639 quicquid
507 2570 605 2621 tamen
623 2557 694 2621 alias
711 2556 824 2620 cumab
841 2555 906 2620 aliis
923 2556 958 2617 de
975 2555 1031 2615 hoc
1048 2552 1227 2627 Judicioau·

265 2636 386 2711 dietim,
406 2651 470 2698 tum
487 2636 578 2697 etiam
595 2654 709 2701 mecum
726 2634 922 2700 constituerim
939 2680 949 2711 ,
979 2634 1064 2701 vobis
1084 2651 1226 2717 perquam

265 2715 388 2780 libenter
411 2734 579 2796 exponam,
607 2715 843 2799 quandoquidem
881 2731 1003 2778 uantum
1028 2711 1074 2777 illi
1098 2714 1174 2778 inter
1194 2713 1226 2775 se
1311 2732 1314 2738 ’

262 2794 443 2869 discordant,
466 2812 581 2858 rantum
600 2815 656 2877 ego
671 2794 709 2857 ab
724 2812 848 2877 utroque
859 2735 1013 2859 dissentio.
1033 2794 1102 2859 Hoc
1118 2794 1231 2879 ipsum,

265 2890 327 2938 tum
347 2874 535 2955 Magiolius,
556 2895 574 2936 a
593 2890 622 2936 te
637 2875 820 2955 expediamus
837 2918 845 2939 .
866 2875 978 2941 Scimus
993 2875 1095 2951 enim,
1117 2890 1146 2939 te
1165 2873 1225 2955 pri·

263 2973 347 3019 mum
363 2952 462 3030 fuisse,
481 2956 533 3037 qui
552 2999 562 3031 ,
583 2974 647 3036 quae
664 2955 772 3017 adhoc
789 2954 935 3027 iudicium
955 2952 1089 3027 faciunt,
1112 2954 1144 3018 in
1164 2953 1226 3016 tuis

264 3054 329 3099 cum
348 3033 481 3109 latinis,
504 3051 567 3098 tum
584 3035 674 3095 ctiam
695 3032 844 3098 Hetruscis
860 3032 1134 3105 observationibus,
1161 3049 1230 3095 uon·

262 3131 366 3194 parum
387 3113 536 3187 indicasti,
555 3132 621 3176 curn
638 3131 738 3174 eorum
754 3112 859 3192 scripta
878 3127 930 3172 aut
947 3109 1062 3185 secum,
1084 3125 1135 3171 aut
1153 3126 1223 3174 cum

265 3192 367 3255 alienis
384 3190 570 3258 conferebas,
590 3191 638 3256 Ita
655 3191 774 3283 quidem
798 3190 863 3265 est,
883 3188 1035 3271 Magioli,
1055 3188 1154 3271 inquit
1174 3187 1228 3261 Ju.

263 3272 319 3334 lius
341 3271 487 3336 Camillus
506 3293 516 3346 3
544 3292 637 3355 neque
659 3272 689 3333 rd
711 3271 788 3331 milti
808 3270 893 3332 sludii
913 3287 1017 3350 parum
1037 3288 1103 3334 cum
1125 3266 1161 3332 ad
1181 3270 1227 3341 ius

265 3351 442 3427 dicandum„
463 3368 527 3413 rum
550 3354 641 3415 etiam
663 3351 699 3414 ad
721 3349 943 3432 intelligendum
962 3347 1090 3441 profuit,
1112 3365 1228 3414 tumet

265 3432 383 3495 collatis
414 3430 564 3497 sententiis
595 3430 724 3506 iisdem,
754 3448 818 3512 qua
837 3429 1008 3511 prudentius
1026 3428 1104 3494 diua
1127 3428 1194 3493 esset
1214 3459 1232 3506 ,·

268 3528 321 3574 aut
344 3510 435 3573 etiam
457 3532 522 3594 quae
543 3512 663 3574 alteram
686 3511 801 3594 planius
820 3529 839 3572 a
891 3510 959 3586 ret,
980 3505 1230 3599 saciltdeprehcn·

265 3590 393 3653 debam.
414 3592 469 3653 Sed
491 3591 527 3653 ad
549 3611 645 3658 meam
666 3590 701 3655 de
722 3590 775 3651 isto
795 3587 830 3662 Ju
852 3588 909 3651 icio
930 3590 1103 3653 sententiam
1124 3607 1232 3654 temne

270 3670 339 3753 Ego
362 3670 453 3752 igitur
473 3672 660 3746 adolescens,
680 3669 715 3733 de
735 3670 791 3732 hoc
806 3667 870 3750 ipso
888 3667 1004 3746 Iudicio
1024 3667 1122 3743 varic,
1141 3682 1233 3748 atqua

261 3750 383 3831 copiose
403 3771 423 3830 a
450 3748 620 3813 doslilfiinis
648 3750 733 3810 Viris
751 3748 896 3828 disputari·
910 3748 1016 3810 audisse
1038 3765 1087 3808 me
1107 3788 1118 3823 ,
1137 3766 1231 3810 recor·

266 3829 341 3896 dor.
362 3829 495 3908 Quidam
516 3831 594 3896 enim
614 3827 729 3900 nullum
749 3826 961 3968 elseNdicebant
977 3826 1124 3904 Judicium
1140 3846 1235 3901 ,mea

872 3924 890 3968 2
1127 3924 1185 3989 que
