3034 4559
510 462 921 541 DEJuDrcro.
1112 487 1168 549 193

251 549 319 626 tra,
339 542 394 625 qui
415 556 532 605 tanturn
550 543 664 618 abesse,
693 561 777 604 urea
797 542 872 605 Urbs
893 558 1085 621 everteretur,
1103 565 1161 624 ut,
1184 550 1206 611 st

249 621 419 701 ampridem
441 621 554 684 sublata
572 622 662 698 esset,
683 624 777 703 magis
797 624 938 685 Romanis
960 624 1141 702 conducere,
1171 646 1205 692 ut

248 697 468 777 restitueretur,
497 701 632 763 omnibus
654 702 814 763 rationibus
834 702 1048 767 contendebat.
1071 704 1156 767 Brevi
1177 729 1206 769 e·

247 775 307 838 nim
330 778 393 842 fore
413 780 551 856 dicebat,
571 798 604 844 ut
624 802 691 842 cum
714 802 731 842 a
752 782 877 856 vicino,
898 799 985 865 atque
1006 784 1205 865 potentissimo

247 853 444 922 bofle'otium
468 861 622 936 haberent,
644 883 678 922 ac
692 862 788 921 omnis
812 861 879 924 belli
901 881 995 925 metus
1018 864 1147 927 sublatus.
1162 867 1203 925 es-

246 929 309 1012 set,
331 958 369 999 ne
388 941 519 1002 Romani
539 961 573 1001 ea
594 962 674 1001 arma
697 941 728 1001 in
749 940 776 1001 se
796 958 996 1006 converterent
1016 988 1025 1019 ,
1045 964 1109 1026 quae
1130 945 1206 1008 start-

246 1027 287 1075 τε
313 1016 572 1102 Carthaginienses
602 1019 681 1081 inse
710 1020 901 1096 excitabant,
930 1043 962 1084 ac
982 1040 1063 1085 mota
1093 1024 1203 1088 diutius

245 1097 449 1162 continebant.
472 1101 605 1174 Horum,
628 1116 661 1160 ut
677 1099 782 1161 videtis
803 1146 812 1176 ,
833 1101 927 1182 magis
948 1101 1041 1182 dispar
1062 1104 1204 1166 sententia

245 1175 293 1236 esse
316 1197 380 1240 non
442 1195 533 1251 terar;
555 1201 606 1261 par
621 1196 719 1240 tamen
739 1179 889 1242 &eadem
911 1196 971 1241 erat
992 1182 1140 1263 utriusque
1151 1204 1202 1247 vo·

244 1250 367 1335 luntas,
452 1259 518 1320 finis
547 1260 577 1319 in
604 1280 660 1320 una
681 1258 805 1338 Reipub.
835 1260 888 1321 suae
907 1258 1006 1324 ‚salute
1034 1264 1205 1325 conservan-

243 1331 281 1396 dae
301 1380 311 1412 ,
342 1357 472 1420 quotum
494 1339 640 1409 Iudicium
657 1359 674 1398 a
691 1354 795 1400 natura
815 1340 919 1419 cuique
940 1355 1043 1400 natum
1068 1341 1120 1401 esse
1140 1343 1200 1422 pla·

241 1432 275 1476 ne
302 1419 444 1481 constat.
475 1420 621 1482 Postremo
641 1438 711 1479 veto
739 1418 761 1479 fi
789 1434 893 1478 natura
920 1418 952 1478 in
984 1419 1101 1479 homine
1131 1442 1203 1501 qua.

230 1491 260 1553 'fi
286 1492 354 1558 sons
383 1495 424 1558 est
449 1541 458 1573 ,
488 1499 563 1560 unde
591 1498 701 1579 reliqua
730 1497 791 1568 ejus
820 1496 877 1558 sive
905 1496 1010 1572 bona,
1036 1498 1093 1560 site
1121 1499 1199 1561 mala

240 1589 390 1652 emanent,
412 1577 563 1648 Jndicium
584 1597 700 1717 quopue
721 1576 907 1639 cumcaeteris
929 1577 1021 1637 animi
1042 1577 1199 1657 partibusa

238 1667 344 1716 natura
368 1656 484 1718 homini
505 1658 642 1719 daturne
664 1658 931 1733 e,··convincetur.
952 1658 1034 1731 Quin
1057 1656 1129 1730 ilie,
1150 1658 1200 1722 cui

238 1731 395 1811 crassum,
421 1751 473 1797 aut
494 1757 643 1818 parvum,
672 1758 708 1799 ne
726 1737 847 1811 dicam,
866 1736 913 1798 cui
934 1736 1075 1811 nullutn,
1097 1736 1199 1798 datum

236 1809 287 1888 sit,
309 1814 399 1876 nullo
422 1815 527 1892 studii,
550 1832 579 1876 at
601 1837 635 1876 ue
644 1817 821 1898 cognitionis
842 1814 968 1897 ptaestdio
989 1816 1119 1885 adiuvari
1134 1834 1201 1897 por·

233 1895 297 1957 est.
327 1893 457 1956 Perinde
477 1898 554 1957 enim
577 1838 641 1957 sunt
663 1897 797 1958 homines
818 1898 850 1960 in
870 1895 920 1958 sua
941 1894 1047 1961 vitiosa
1067 1911 1201 1973 natura,

170 1983 174 1994 '
234 1991 267 2037 ut
282 1973 380 2036 etiam
397 1973 538 2050 arbores,
567 1995 631 2057 quae
657 1976 766 2039 vitiosae
785 1976 850 2038 sunt
874 1975 1003 2057 genita,
1032 1994 1095 2055 quae
1116 1976 1201 2038 nullo

271 2053 333 2115 sse'a
349 2052 462 2130 cuitu,
491 2054 572 2115 nullo
593 2055 711 2130 studio,
740 2056 824 2116 nulio
840 2055 965 2120 artificio
985 2054 1024 2113 ad
1045 2053 1198 2117 rectiorem

261 2151 362 2195 tinam
383 2132 474 2213 dirigi
503 2136 641 2215 possunt3
670 2150 703 2195 ut
720 2134 808 2213 paulo
833 2151 900 2195 ante
922 2131 1142 2212 comprobatum
1158 2134 1199 2195 est

230 2214 261 2275 in
284 2213 342 2287 iis,
364 2212 420 2292 qui
430 2211 543 2274 summa
564 2212 675 2293 praditi
697 2212 875 2284 eruditione3
895 2212 926 2273 in
943 2232 976 2271 ea
986 2228 1102 2282 tamen,
1124 2212 1197 2290 quid

228 2292 300 2355 boni
324 2290 456 2365 inesset,
478 2314 538 2354 nun
560 2312 629 2351 uam
649 2291 775 2367 videre,
796 2290 960 2372 semperque
982 2289 1011 2349 in
1034 2308 1092 2348 una
1111 2288 1199 2350 intel·-

226 2370 382 2454 ligentia,
414 2370 493 2433 nihir
513 2312 626 2433 dibetre
646 2372 865 2443 existimantes,
886 2388 923 2428 an
946 2365 1089 2439 barbare,
1109 2383 1198 2448 atque

227 2449 398 2540 impolite,
426 2470 466 2511 an
483 2452 588 2512 Latine
606 2495 615 2524 ,
636 2468 723 2531 atque
746 2446 890 2530 splendide
910 2445 1036 2535 scirent,
1064 2444 1165 2535 haesere
1187 2491 1196 2507 .

222 2530 283 2592 Cur
309 2546 389 2589 meae
410 2528 558 2593 sententia
576 2530 697 2593 Horatii
718 2548 835 2611 quoque
856 2525 1004 2602 Qtentra
1024 2524 1167 2587 consentit
1188 2570 1198 2603 ‚

223 2610 278 2692 qui
301 2607 391 2689 praeci
415 2610 468 2684 it,
500 2608 628 2691 nequid
658 2610 752 2671 invita
782 2606 914 2670 homines
944 2602 1092 2678 facerent,
1121 2603 1196 2666 dice·

221 2703 352 2770 rentque
416 2688 539 2757 inerva3
559 2708 619 2750 non
640 2705 737 2751 autern
759 2686 861 2761 dixit,
881 2700 1084 2765 repugnante,
1106 2699 1197 2827 atpue

219 2767 324 2828 invita
345 2767 538 2848 cognitione.
562 2766 616 2827 Sed
638 2767 725 2848 paulo
744 2769 852 2841 etiarn,
872 2765 892 2827 st
914 2764 1033 2845 placet,
1055 2764 1198 2853 copiorus

218 2865 284 2909 rem
310 2847 530 2926 pertractemus
547 2865 554 2905 2
575 2850 680 2919 Quaero
701 2868 782 2928 ego,
802 2866 841 2909 an
857 2865 952 2908 rerunt
969 2845 1125 2918 invent10,
1156 2865 1197 2908 an

216 2939 326 2988 earum
350 2923 496 2997 scientia,
518 2942 605 3004 atque
627 2926 692 2986 usus
713 2925 862 3008 antiquior
879 2923 932 2984 sit?
955 2925 1025 2988 Non
1046 2922 1195 3003 arbitror,

238 3025 314 3067 uem
339 3023 413 3065 uam
436 3004 594 3083 posteriora
615 3003 784 3065 didurum.
807 3004 836 3064 Si
853 3022 921 3081 ergo
941 3000 1073 3060 inventio
1092 3021 1196 3079 praece-

212 3025 260 3146 dit
281 3128 292 3159 ,
315 3023 448 3145 scientia
468 3084 590 3163 postea,
610 3083 699 3143 tertio
721 3103 791 3144 vero
812 3082 843 3141 in
864 3081 928 3142 ioco
946 3076 1012 3166 usus
1033 3076 1166 3158 sequetur
1186 3104 1197 3152 3

212 3182 326 3247 quaero
348 3162 425 3224 item
445 3206 454 3235 ‚
474 3160 527 3241 qni
542 3162 629 3240 primi
646 3161 726 3221 lanas
743 3160 779 3221 ad
801 3159 874 3232 fila,
902 3176 954 3237 qur
970 3154 1066 3235 postea
1087 3156 1137 3218 fila
1158 3162 1197 3226 ad

212 3242 327 3317 teias,
359 3242 437 3304 telas
459 3258 529 3299 vero
551 3239 587 3299 ad
616 3239 740 3300 vestium
762 3238 844 3301 usum
872 3235 1041 3310 convertit,
1071 3236 1147 3299 unde
1164 3241 1196 3304 id

210 3319 335 3396 Judicii
359 3318 420 3382 suis
443 3318 554 3379 artibus
575 3318 703 3378 mutuati
724 3318 796 3379 sint?
819 3319 866 3377 An
887 3313 923 3376 ab
943 3334 1040 3375 earum
1061 3315 1197 3398 scientia,

212 3418 318 3483 atque
342 3398 426 3473 usu,
446 3415 571 3476 quorum
594 3413 732 3457 neutrum
752 3411 814 3457 erat
833 3405 900 3468 ,en
914 3414 948 3456 ex
968 3409 1102 3473 natura,
1131 3419 1196 3482 quae

209 3480 341 3568 semper
364 3476 425 3550 est,
446 3493 542 3534 retum
562 3474 697 3535 omnium
719 3475 776 3536 stve
798 3472 1054 3554 procreandarum,
1077 3477 1134 3539 five
1153 3501 1210 3556 rn-,
1262 3489 1269 3496 '

209 3552 447 3621 veniendarum
468 3552 587 3630 optimae
610 3553 754 3633 magistrae
777 3554 867 3613 tacito
901 3554 1006 3619 uodam
1027 3556 1198 3629 Judicioex.

208 3630 380 3718 ceperint?
401 3631 492 3718 Certe
508 3628 544 3690 ab
560 3650 611 3703 eo,
632 3631 714 3711 quod
732 3631 841 3711 semper
856 3572 916 3720 cdl,
934 3633 982 3706 id,
1003 3636 1082 3716 quod
1099 3638 1197 3717 postea

206 3711 378 3795 sequitur,
401 3726 515 3787 magis,
535 3726 624 3787 quam
640 3726 764 3785 contra,
785 3709 863 3774 nasci
884 3709 1038 3775 dicendum
1056 3716 1095 3778 est
1112 3760 1120 3774 .
1140 3716 1196 3786 Sed

204 3808 246 3858 ut
266 3788 311 3850 ad
336 3785 452 3847 nostros
473 3784 613 3863 redeant,
633 3789 687 3869 qui
704 3788 793 3869 primi
813 3787 848 3849 de
868 3787 984 3856 dicendi
1000 3808 1063 3856 arte
1082 3793 1198 3875 scripse·

300 3865 389 3930 Tem.
410 3864 463 3924 ΙΙΙ.
827 3867 858 3928 N
1109 3895 1157 3955 re,
1187 3946 1190 3949 ⁵

1309 3971 1360 4027 Δ
