3034 4559
581 477 607 537 t
647 479 663 536 l
700 481 726 537 B
766 480 792 538 Ε
830 480 859 536 R
919 481 969 538 ru.
1152 479 1196 563 '83

357 561 435 643 Qua
455 577 527 618 nunc
542 558 614 634 sunt
636 555 795 633 inhonore,
818 556 965 632 vocabula,
989 557 1112 633 stvolet
1132 564 1214 640 ustas,

354 643 451 723 Quem
464 649 545 716 penes
560 634 701 706 arbitrium
709 637 762 711 esd,
784 638 822 698 (9⁵
843 640 906 715 jus,
927 642 966 699 (θ’
982 662 1073 699 norma
1088 642 1219 721 loquendi
1225 691 1235 707 .

273 718 338 781 Pati
364 731 466 779 omnes
482 760 492 790 ‚
511 736 604 798 eoque
624 719 756 777 maximo
777 717 928 781 versantur
947 720 980 779 in
1002 729 1093 782 errore
1117 767 1124 781 .
1155 724 1236 785 Nam

276 819 342 861 cunr
366 802 410 859 ita
431 797 552 869 Cicero,
570 797 602 857 a<
624 796 766 857 Horatius
787 798 935 874 sentiant,
957 799 987 859 &
1007 799 1156 861 rellillime
1178 802 1238 863 sen·

271 878 375 950 dant,
406 877 435 936 id
457 877 573 936 Latinis
596 874 651 937 suis
673 874 687 956 7[
708 877 789 957 quod
819 878 909 938 miror
940 896 1034 941 tantos
1065 880 1154 943 Viros
1176 901 1237 943 non

272 957 370 1020 vidisse
392 954 598 1038 ]⁴quibuscum
616 956 742 1035 agebant
764 1000 775 1031 ,
802 971 918 1019 tantum
941 958 1150 1023 concedebant.
1176 963 1238 1023 Ne-

274 1049 330 1120 que
354 1038 434 1097 enirn
456 1034 562 1095 Cicero
582 1034 700 1097 volebat
720 1056 804 1098 nova
826 1038 866 1097 rei
886 1040 993 1101 Graeca
1016 1042 1163 1115 Latinus,
1185 1050 1238 1104 aul

269 1133 374 1179 eontra
396 1112 508 1176 Latina
528 1117 645 1177 Graecus
666 1135 773 1177 nornen
793 1115 898 1179 faceret
918 1139 978 1180 non
1000 1120 1106 1183 suurn.
1129 1125 1238 1197 Quern-

273 1197 432 1258 admodum
454 1194 511 1255 lroc
531 1194 629 1255 nostro
649 1208 781 1274 tempore
796 1217 888 1279 neque
909 1198 1002 1260 Italus
1023 1200 1117 1262 Gallis
1132 1213 1237 1264 vocern'

272 1277 365 1338 nllarn
385 1294 480 1336 create
521 1273 592 1335 otest
612 1275 785 1351 Gallicam,
814 1297 909 1358 neque
929 1295 1029 1339 contra
1052 1280 1155 1341 Gallus
1177 1282 1237 1343 Ita-

272 1356 324 1432 lis,
347 1353 467 1437 quaesit
508 1353 586 1425 tala3
606 1374 700 1436 neque
720 1354 848 1437 utrisque
869 1357 1034 1436 Hispanus,
1052 1377 1118 1439 qua
1138 1360 1173 1420 fit
1190 1381 1239 1420 cu·

271 1436 391 1517 jusque3
410 1433 448 1494 fie
456 1453 549 1515 neque
559 1434 672 1494 Latinis
694 1451 743 1495 aut
764 1434 875 1510 Italus,
896 1454 946 1497 aut
964 1436 1088 1509 Gallus,
1104 1456 1154 1498 aut
1171 1438 1238 1499 His-

273 1527 363 1655 ganus
384 1533 489 1574 vocem
510 1511 603 1573 ullam
627 1533 724 1594 parere
744 1515 929 1599 potest,quae
950 1517 1058 1579 Latina
1074 1516 1124 1576 sit.
1144 1519 1237 1593 Nam,

312 1596 355 1657 ita
377 1592 429 1655 fiat
449 1624 462 1669 ,·
486 1592 656 1673 iampridem
684 1609 787 1655 ornnes
820 1594 934 1675 linguas
956 1596 1063 1657 Latina
1084 1596 1185 1677 lingua
1206 1599 1237 1658 in

275 1674 300 1736 se
320 1673 493 1753 recepisset.
512 1675 689 1733 Cavedonem
710 1674 801 1755 vulgo
820 1695 880 1734 rem
899 1696 1007 1737 novam
1025 1675 1117 1737 Italus
1137 1677 1239 1758 appel-

275 1758 333 1832 lat,
356 1754 431 1816 item
448 1753 582 1831 slaffam,
600 1752 758 1833 fiampam,
780 1752 983 1832 bombardam,
1009 1756 1043 1817 bt
1059 1772 1159 1817 catera
1176 1758 1237 1827 ejus

274 1834 386 1920 generis
404 1830 545 1894 infinita.
568 1833 627 1894 Fac
648 1834 709 1894 hae
733 1833 812 1895 Italo
833 1835 944 1910 liceat,
963 1856 1031 1897 curn
1053 1837 1078 1897 ei
1102 1836 1165 1898 usus
1188 1858 1238 1901 ve·

274 1917 360 1991 niat,
391 1931 483 1993 parvo
511 1911 640 1993 quodam
665 1929 788 1975 accentu
808 1914 845 1975 ad
867 1918 946 1976 vocis
968 1914 1095 1977 sonitum
1117 1916 1231 1991 addito,

274 1994 350 2079 quali
374 1992 484 2053 Latina
502 1991 654 2071 usurpare,
676 1994 1007 2058 acLatinisadsciscere:
1027 1994 1072 2056 fac
1090 1995 1167 2058 idem
1185 2015 1237 2057 cae·

276 2076 338 2139 teris
360 2070 529 2133 nationibus
551 2071 581 2131 in
603 2070 659 2133 suis
681 2072 765 2132 novis
783 2073 865 2133 rebus
882 2076 1085 2153 permittatur3
1105 2095 1166 2136 non
1187 2097 1238 2136 ve·

275 2175 351 2229 reor,
372 2152 447 2292 guin
468 2152 583 2225 videas,
603 2171 692 2232 quarn
712 2150 794 2212 brevi
813 2154 935 2213 Latinus
955 2155 1049 2215 serino
1067 2175 1084 2215 a
1104 2155 1131 2216 se
1148 2154 1175 2231 se
1192 2171 1236 2214 ro·

276 2251 318 2297 tus
340 2233 377 2293 de
390 2230 492 2292 ciscere
512 2247 652 2311 cogatur3
672 2232 777 2291 omnia
795 2232 931 2292 omnium
948 2234 1045 2295 statim
1065 2232 1145 2304 fieri,
1167 2252 1239 2312 pau·

272 2315 349 2377 eiota
368 2311 471 2373 Latini
499 2310 637 2371 sermonis
658 2309 774 2390 agnosci
792 2353 801 2383 ,
828 2312 934 2371 necesse
956 2312 1016 2371 sit:
1047 2312 1142 2371 multo
1166 2331 1236 2375 vero

276 2395 361 2457 etiam
392 2390 520 2471 magis,
548 2389 595 2463 st,
627 2408 695 2471 vquaa
723 2388 824 2450 nossrae
855 2410 999 2471 germana
1029 2389 1094 2452 lunt
1121 2410 1238 2466 voces,

277 2474 334 2555 [ut
349 2471 386 2532 de
399 2470 508 2533 nostris
526 2489 603 2529 nunc
618 2484 736 2530 tanturn
758 2488 844 2550 agam
862 2469 875 2551 ]
894 2490 941 2530 eas
963 2490 1018 2531 nos
1044 2469 1079 2530 ad
1098 2470 1246 2531 Latinam'ae

277 2554 419 2615 rationem
450 2546 575 2630 proferte
600 2568 765 2609 sonentur:
796 2563 828 2609 ut
856 2547 1009 2629 poffibile,
1038 2547 1237 2629 impossibile,

278 2631 442 2715 gratitudo,
463 2628 664 2712 ingratitudo,
685 2628 809 2700 liberum
828 2620 988 2691 'arbitriuni
1005 2675 1014 2705 ,
1033 2630 1157 2691 devotus
1181 2649 1237 2712 ⁴pro

278 2710 436 2794 religioso,
462 2706 592 2770 defeelus
613 2727 667 2799 ¹pto
683 2708 796 2789 eulpa,
823 2707 1018 2783 instabilitas,
1043 2708 1233 2793 superfluum,

278 2788 471 2873 superfluitas,
492 2789 523 2849 ἃ
541 2810 604 2871 qua
620 2808 652 2848 m
672 2788 886 2864 instrumentiS,
904 2790 937 2850 in
952 2788 1110 2864 frutlibus,
1125 2789 1157 2849 ¹in
1175 2789 1238 2851 her-⁵

277 2870 334 2944 bis,
355 2868 524 2942 arboribus,
543 2868 690 2947 navigiis,
710 2868 830 2943 avibus,
848 2869 974 2930 vestibus
992 2914 1000 2943 ,
1023 2868 1183 2943 coloribus,
1204 2869 1239 2931 δέ

277 2950 381 3013 ceteris
398 2948 462 3019 ejus
484 2949 595 3029 generis
613 2946 680 3008 sunt
702 2948 926 3009 innumerabilia
939 2994 948 3006 ,.
978 2951 1020 3007 At
1050 2948 1105 3008 hoc
1135 2949 1235 3009 Latini

277 3031 287 3090 i
305 3031 324 3091 fi
345 3029 446 3110 palam
466 3026 634 3089 fallitarunt
655 3026 745 3087 etiarn
762 3028 794 3088 in
811 3026 911 3087 alienis
927 3027 1065 3088 vocibus.
1083 3026 1236 3106 :Siquidem

279 3051 416 3172 dasarent
437 3106 454 3187 [
473 3123 506 3169 ut
515 3109 615 3169 Graeca
630 3126 712 3166 nunc
728 3107 870 3167 omittam
892 3126 981 3195 quarn
1003 3103 1153 3184 plurima,
1172 3125 1236 3187 quae

277 3191 344 3250 trita
365 3187 442 3250 fadla
460 3187 528 3249 sunt
549 3184 684 3265 Latina]
707 3184 810 3245 multis
828 3184 953 3245 Gallicis
977 3182 1071 3245 verbis
1095 3184 1237 3245 Latinam

277 3269 438 3331 Civitatem
453 3265 672 3339 donalle‚nulli
689 3262 813 3325 dubium
833 3263 886 3324 est.
908 3264 1063 3327 Maronem
1088 3281 1186 3332 autern
1205 3264 1236 3325 ἃ

277 3349 374 3424 Gaza,
397 3347 428 3409 δι
449 3347 542 3423 Gesa,
562 3346 595 3407 ἃ
617 3344 749 3425 Mapalia
763 3343 796 3404 in
814 3344 933 3405 Latium
951 3358 1065 3407 tantunt
1096 3361 1147 3405 aut
1175 3364 1237 3405 ma·

275 3430 327 3505 tis,
351 3443 402 3490 aut
426 3443 506 3489 terrae
524 3425 651 3506 spatium
675 3421 843 3486 transtulisse
859 3468 867 3496 ‚
883 3459 885 3462 ·
891 3424 952 3505 pari
970 3424 1083 3486 ¹constat
1104 3424 1237 3493 ratioue3

276 3509 316 3571 ita
336 3508 431 3570 eaeteri
455 3507 486 3566 in
508 3507 633 3579 caeteris,
652 3520 688 3565 ut
705 3504 813 3585 >cuique
831 3503 884 3565 usu
904 3503 1063 3580 veniebat,
1083 3504 1172 3565 facere
1191 3504 1238 3563 ni-

276 3588 315 3650 hil
337 3588 535 3649 dubitarunt.
568 3583 603 3645 Id
623 3583 702 3669 quod
730 3586 818 3644 etiam
843 3584 955 3665 egregie
976 3585 1084 3646 Latina
1104 3584 1235 3645 oratione

277 3665 415 3749 piaedito,
437 3666 546 3747 quique
562 3666 620 3734 eius
637 3664 769 3725 Ciuitate
806 3662 870 3723 lane
890 3665 1014 3725 donatus
1035 3664 1087 3735 sit,
1107 3661 1144 3721 ad
1163 3680 1235 3722 eum

276 3750 401 3811 modum
418 3745 503 3808 licere
518 3742 741 3804 existimandum
757 3684 815 3805 eli.
836 3744 925 3819 Quali
946 3764 1016 3806 vero
1032 3760 1092 3802 non
1111 3738 1235 3802 infinita

272 3828 327 3892 sint
344 3850 406 3905 res,
422 3844 500 3910 quas
517 3823 572 3885 ,alii
586 3842 683 3905 agere-
694 3823 800 3899 liceat,
822 3821 873 3961 agi
888 3840 986 3884 autem
1006 3820 1145 3883 minime.
1165 3818 1237 3881 Cer·

902 3923 921 3961 2
1159 3914 1192 3962 {te
