<?xml version="1.0" encoding="UTF-8"?>
<!DOCTYPE html PUBLIC "-//W3C//DTD XHTML 1.0 Transitional//EN"
    "http://www.w3.org/TR/xhtml1/DTD/xhtml1-transitional.dtd">
<html xmlns="http://www.w3.org/1999/xhtml" xml:lang="en" lang="en">
 <head>
  <title>
</title>
<meta http-equiv="Content-Type" content="text/html;charset=utf-8" />
  <meta name='ocr-system' content='tesseract 3.04.00' />
  <meta name='ocr-capabilities' content='ocr_page ocr_carea ocr_par ocr_line ocrx_word'/>
</head>
<body>
  <div class='ocr_page' id='page_1' title='image "./operumtomusprim01riccgoog/operumtomusprim01riccgoog_0015.png"; bbox 0 0 3034 4559; ppageno 0'>
   <div class='ocr_carea' id='block_1_1' title="bbox 235 523 1254 3800">
    <p class='ocr_par' dir='ltr' id='par_1_1' title="bbox 235 523 1254 3800">
     <span class='ocr_line' id='line_1_1' title="bbox 235 523 1241 607; baseline 0.004 -17"><span class='ocrx_word' id='word_1_1' title='bbox 235 575 243 590; x_wconf 87' lang='grc'>..</span> <span class='ocrx_word' id='word_1_2' title='bbox 273 531 340 593; x_wconf 78' lang='lat' dir='ltr'>lltm</span> <span class='ocrx_word' id='word_1_3' title='bbox 363 541 470 590; x_wconf 80' lang='lat' dir='ltr'>natura</span> <span class='ocrx_word' id='word_1_4' title='bbox 487 523 535 588; x_wconf 83' lang='lat' dir='ltr'>est·</span> <span class='ocrx_word' id='word_1_5' title='bbox 546 525 597 607; x_wconf 89' lang='lat' dir='ltr'>pin</span> <span class='ocrx_word' id='word_1_6' title='bbox 641 525 702 603; x_wconf 78' lang='lat' dir='ltr'>us,</span> <span class='ocrx_word' id='word_1_7' title='bbox 717 524 749 589; x_wconf 91' lang='lat' dir='ltr'>id</span> <span class='ocrx_word' id='word_1_8' title='bbox 768 545 804 588; x_wconf 81' lang='lat' dir='ltr'>eo</span> <span class='ocrx_word' id='word_1_9' title='bbox 820 528 912 588; x_wconf 87' lang='lat' dir='ltr'>etiam</span> <span class='ocrx_word' id='word_1_10' title='bbox 927 527 1022 591; x_wconf 87' lang='lat' dir='ltr'>multo</span> <span class='ocrx_word' id='word_1_11' title='bbox 1043 529 1241 596; x_wconf 60' lang='lat' dir='ltr'>esl&#39;scraciusa</span> 
     </span>
     <span class='ocr_line' id='line_1_2' title="bbox 275 605 1239 692; baseline 0.003 -20"><span class='ocrx_word' id='word_1_12' title='bbox 275 612 386 692; x_wconf 85' lang='lat' dir='ltr'>Itaque</span> <span class='ocrx_word' id='word_1_13' title='bbox 404 607 435 670; x_wconf 84' lang='lat' dir='ltr'>in</span> <span class='ocrx_word' id='word_1_14' title='bbox 450 623 516 680; x_wconf 71' lang='grc' dir='ltr'>ω’,</span> <span class='ocrx_word' id='word_1_15' title='bbox 536 624 577 687; x_wconf 91' lang='lat' dir='ltr'>qu</span> <span class='ocrx_word' id='word_1_16' title='bbox 627 605 669 667; x_wconf 87' lang='lat' dir='ltr'>·vi</span> <span class='ocrx_word' id='word_1_17' title='bbox 699 605 752 666; x_wconf 90' lang='lat' dir='ltr'>illa</span> <span class='ocrx_word' id='word_1_18' title='bbox 770 607 898 670; x_wconf 83' lang='lat' dir='ltr'>natumli</span> <span class='ocrx_word' id='word_1_19' title='bbox 926 625 1022 672; x_wconf 88' lang='lat' dir='ltr'>careat</span> <span class='ocrx_word' id='word_1_20' title='bbox 1042 654 1052 685; x_wconf 89' lang='lat'><strong>‚</strong></span> <span class='ocrx_word' id='word_1_21' title='bbox 1081 609 1239 674; x_wconf 86' lang='lat' dir='ltr'>hominurn</span> 
     </span>
     <span class='ocr_line' id='line_1_3' title="bbox 276 685 1241 767; baseline 0.002 -15"><span class='ocrx_word' id='word_1_22' title='bbox 276 689 396 752; x_wconf 83' lang='lat' dir='ltr'>solertia</span> <span class='ocrx_word' id='word_1_23' title='bbox 419 685 652 747; x_wconf 75' lang='lat' dir='ltr'>stercorationem</span> <span class='ocrx_word' id='word_1_24' title='bbox 682 685 877 767; x_wconf 84' lang='lat' dir='ltr'>excogitavit.</span> <span class='ocrx_word' id='word_1_25' title='bbox 907 687 1078 752; x_wconf 88' lang='lat' dir='ltr'>Studiorum</span> <span class='ocrx_word' id='word_1_26' title='bbox 1106 693 1241 754; x_wconf 88' lang='lat' dir='ltr'>omniunt</span> 
     </span>
     <span class='ocr_line' id='line_1_4' title="bbox 277 764 1243 852; baseline 0 -20"><span class='ocrx_word' id='word_1_27' title='bbox 277 764 600 832; x_wconf 75' lang='lat' dir='ltr'>moderataceffatione</span> <span class='ocrx_word' id='word_1_28' title='bbox 620 765 771 840; x_wconf 87' lang='lat' dir='ltr'>adhibita,</span> <span class='ocrx_word' id='word_1_29' title='bbox 785 765 823 828; x_wconf 88' lang='lat' dir='ltr'>ad</span> <span class='ocrx_word' id='word_1_30' title='bbox 843 765 1003 850; x_wconf 87' lang='lat' dir='ltr'>susceptum</span> <span class='ocrx_word' id='word_1_31' title='bbox 1022 789 1129 832; x_wconf 82' lang='lat' dir='ltr'>munus</span> <span class='ocrx_word' id='word_1_32' title='bbox 1143 791 1243 852; x_wconf 90' lang='lat' dir='ltr'>prom·</span> 
     </span>
     <span class='ocr_line' id='line_1_5' title="bbox 277 843 1243 932; baseline 0.003 -23"><span class='ocrx_word' id='word_1_33' title='bbox 277 849 359 931; x_wconf 85' lang='lat' dir='ltr'>ptius</span> <span class='ocrx_word' id='word_1_34' title='bbox 387 843 600 908; x_wconf 73' lang='lat' dir='ltr'>consciendum</span> <span class='ocrx_word' id='word_1_35' title='bbox 629 845 726 914; x_wconf 89' lang='lat' dir='ltr'>multo</span> <span class='ocrx_word' id='word_1_36' title='bbox 746 845 923 922; x_wconf 70' lang='lat' dir='ltr'>alacriores,</span> <span class='ocrx_word' id='word_1_37' title='bbox 952 865 1041 932; x_wconf 91' lang='lat' dir='ltr'>atque</span> <span class='ocrx_word' id='word_1_38' title='bbox 1069 849 1243 914; x_wconf 79' lang='lat' dir='ltr'>ardentiores</span> 
     </span>
     <span class='ocr_line' id='line_1_6' title="bbox 273 923 1244 1019; baseline 0.007 -29"><span class='ocrx_word' id='word_1_39' title='bbox 273 928 446 993; x_wconf 77' lang='lat' dir='ltr'>redduntur·</span> <span class='ocrx_word' id='word_1_40' title='bbox 463 923 597 988; x_wconf 80' lang='lat' dir='ltr'>homines</span> <span class='ocrx_word' id='word_1_41' title='bbox 615 945 622 984; x_wconf 92' lang='lat'><strong>:</strong></span> <span class='ocrx_word' id='word_1_42' title='bbox 644 925 673 987; x_wconf 91' lang='lat' dir='ltr'>id</span> <span class='ocrx_word' id='word_1_43' title='bbox 694 923 773 1008; x_wconf 93' lang='lat' dir='ltr'>quod</span> <span class='ocrx_word' id='word_1_44' title='bbox 787 925 820 987; x_wconf 86' lang='lat' dir='ltr'>in</span> <span class='ocrx_word' id='word_1_45' title='bbox 840 927 942 989; x_wconf 82' lang='lat' dir='ltr'>novali</span> <span class='ocrx_word' id='word_1_46' title='bbox 957 949 1030 1019; x_wconf 82' lang='lat' dir='ltr'>agro</span> <span class='ocrx_word' id='word_1_47' title='bbox 1050 928 1173 1010; x_wconf 76' lang='lat' dir='ltr'>prudens</span> <span class='ocrx_word' id='word_1_48' title='bbox 1188 931 1244 996; x_wconf 89' lang='lat' dir='ltr'>ser·</span> 
     </span>
     <span class='ocr_line' id='line_1_7' title="bbox 268 1003 1243 1090; baseline 0.004 -18"><span class='ocrx_word' id='word_1_49' title='bbox 268 1008 366 1072; x_wconf 69' lang='lat' dir='ltr'>¹navit</span> <span class='ocrx_word' id='word_1_50' title='bbox 386 1003 530 1088; x_wconf 87' lang='lat' dir='ltr'>agricola.</span> <span class='ocrx_word' id='word_1_51' title='bbox 552 1005 702 1082; x_wconf 89' lang='lat' dir='ltr'><strong>Quoniam</strong></span> <span class='ocrx_word' id='word_1_52' title='bbox 718 1024 789 1068; x_wconf 83' lang='lat' dir='ltr'>veto</span> <span class='ocrx_word' id='word_1_53' title='bbox 804 1022 911 1070; x_wconf 85' lang='lat' dir='ltr'>natura</span> <span class='ocrx_word' id='word_1_54' title='bbox 924 1006 1002 1070; x_wconf 85' lang='lat' dir='ltr'>nihrl</span> <span class='ocrx_word' id='word_1_55' title='bbox 1015 1007 1076 1072; x_wconf 89' lang='lat' dir='ltr'>sem</span> <span class='ocrx_word' id='word_1_56' title='bbox 1099 1011 1243 1090; x_wconf 70' lang='lat' dir='ltr'>remum,</span> 
     </span>
     <span class='ocr_line' id='line_1_8' title="bbox 276 1029 1243 1170; baseline 0.008 -21"><span class='ocrx_word' id='word_1_57' title='bbox 276 1086 357 1150; x_wconf 87' lang='lat' dir='ltr'>nihil</span> <span class='ocrx_word' id='word_1_58' title='bbox 378 1101 549 1168; x_wconf 86' lang='lat' dir='ltr'>perpetuum</span> <span class='ocrx_word' id='word_1_59' title='bbox 570 1083 717 1160; x_wconf 86' lang='lat' dir='ltr'>habetur,</span> <span class='ocrx_word' id='word_1_60' title='bbox 736 1085 919 1169; x_wconf 77' lang='lat' dir='ltr'>omniaque,</span> <span class='ocrx_word' id='word_1_61' title='bbox 946 1107 1011 1170; x_wconf 85' lang='lat' dir='ltr'>quae</span> <span class='ocrx_word' id='word_1_62' title='bbox 1032 1029 1137 1152; x_wconf 75' lang='lat' dir='ltr'>iulias</span> <span class='ocrx_word' id='word_1_63' title='bbox 1158 1111 1243 1157; x_wconf 79' lang='lat' dir='ltr'>tutas</span> 
     </span>
     <span class='ocr_line' id='line_1_9' title="bbox 274 1164 1244 1256; baseline 0.005 -25"><span class='ocrx_word' id='word_1_64' title='bbox 274 1165 375 1231; x_wconf 87' lang='lat' dir='ltr'>semel·</span> <span class='ocrx_word' id='word_1_65' title='bbox 396 1164 537 1246; x_wconf 68' lang='lat' dir='ltr'>produlia</span> <span class='ocrx_word' id='word_1_66' title='bbox 565 1165 656 1239; x_wconf 87' lang='lat' dir='ltr'>sunt,</span> <span class='ocrx_word' id='word_1_67' title='bbox 686 1164 723 1226; x_wconf 88' lang='lat' dir='ltr'>ad</span> <span class='ocrx_word' id='word_1_68' title='bbox 744 1165 898 1256; x_wconf 79' lang='lat' dir='ltr'>interitum</span> <span class='ocrx_word' id='word_1_69' title='bbox 925 1165 1010 1230; x_wconf 89' lang='lat' dir='ltr'>suum</span> <span class='ocrx_word' id='word_1_70' title='bbox 1029 1185 1064 1232; x_wconf 89' lang='lat' dir='ltr'>ut</span> <span class='ocrx_word' id='word_1_71' title='bbox 1083 1170 1203 1252; x_wconf 76' lang='lat' dir='ltr'>aliquan</span> <span class='ocrx_word' id='word_1_72' title='bbox 1222 1192 1244 1236; x_wconf 91' lang='lat' dir='ltr'>o</span> 
     </span>
     <span class='ocr_line' id='line_1_10' title="bbox 350 1243 1244 1319; baseline 0.009 -11"><span class='ocrx_word' id='word_1_73' title='bbox 350 1245 452 1308; x_wconf 82' lang='lat' dir='ltr'>eniaot</span> <span class='ocrx_word' id='word_1_74' title='bbox 481 1243 587 1306; x_wconf 73' lang='lat' dir='ltr'>necesse</span> <span class='ocrx_word' id='word_1_75' title='bbox 616 1247 684 1319; x_wconf 88' lang='lat' dir='ltr'>est,</span> <span class='ocrx_word' id='word_1_76' title='bbox 713 1243 793 1307; x_wconf 79' lang='lat' dir='ltr'>aliud</span> <span class='ocrx_word' id='word_1_77' title='bbox 815 1247 869 1308; x_wconf 88' lang='lat' dir='ltr'>illa</span> <span class='ocrx_word' id='word_1_78' title='bbox 897 1245 1043 1311; x_wconf 80' lang='lat' dir='ltr'>deficienti</span> <span class='ocrx_word' id='word_1_79' title='bbox 1071 1249 1177 1315; x_wconf 74' lang='lat' dir='ltr'>sumn</span> <span class='ocrx_word' id='word_1_80' title='bbox 1203 1250 1244 1316; x_wconf 80' lang='lat' dir='ltr'>ad</span> 
     </span>
     <span class='ocr_line' id='line_1_11' title="bbox 291 1323 1244 1408; baseline 0.008 -21"><span class='ocrx_word' id='word_1_81' title='bbox 291 1326 423 1408; x_wconf 86' lang='lat' dir='ltr'>ongiotis</span> <span class='ocrx_word' id='word_1_82' title='bbox 448 1323 590 1406; x_wconf 89' lang='lat' dir='ltr'>temporis</span> <span class='ocrx_word' id='word_1_83' title='bbox 621 1323 892 1404; x_wconf 79' lang='lat' dir='ltr'>propagationem:</span> <span class='ocrx_word' id='word_1_84' title='bbox 921 1346 982 1406; x_wconf 91' lang='lat' dir='ltr'>quo</span> <span class='ocrx_word' id='word_1_85' title='bbox 1008 1329 1098 1391; x_wconf 89' lang='lat' dir='ltr'>modo</span> <span class='ocrx_word' id='word_1_86' title='bbox 1126 1329 1244 1396; x_wconf 81' lang='lat' dir='ltr'>arbores</span> 
     </span>
     <span class='ocr_line' id='line_1_12' title="bbox 280 1403 1246 1544; baseline 0.003 -75"><span class='ocrx_word' id='word_1_87' title='bbox 280 1423 348 1469; x_wconf 91' lang='lat' dir='ltr'>tum</span> <span class='ocrx_word' id='word_1_88' title='bbox 370 1404 529 1477; x_wconf 86' lang='lat' dir='ltr'>insitione,</span> <span class='ocrx_word' id='word_1_89' title='bbox 551 1419 615 1465; x_wconf 94' lang='lat' dir='ltr'>tum</span> <span class='ocrx_word' id='word_1_90' title='bbox 636 1404 818 1485; x_wconf 80' lang='lat' dir='ltr'>plantatione</span> <span class='ocrx_word' id='word_1_91' title='bbox 837 1403 875 1466; x_wconf 86' lang='lat' dir='ltr'>ab</span> <span class='ocrx_word' id='word_1_92' title='bbox 896 1406 1029 1544; x_wconf 56' lang='lat' dir='ltr'>agricolis</span> <span class='ocrx_word' id='word_1_93' title='bbox 1049 1409 1182 1491; x_wconf 87' lang='lat' dir='ltr'>quotidie</span> <span class='ocrx_word' id='word_1_94' title='bbox 1202 1431 1246 1473; x_wconf 83' lang='lat' dir='ltr'>te·</span> 
     </span>
     <span class='ocr_line' id='line_1_13' title="bbox 278 1482 1244 1568; baseline 0.008 -22"><span class='ocrx_word' id='word_1_95' title='bbox 278 1484 376 1568; x_wconf 84' lang='lat' dir='ltr'>parari</span> <span class='ocrx_word' id='word_1_96' title='bbox 399 1483 548 1547; x_wconf 85' lang='lat' dir='ltr'>videmus.</span> <span class='ocrx_word' id='word_1_97' title='bbox 568 1483 621 1544; x_wconf 85' lang='lat' dir='ltr'>Sed</span> <span class='ocrx_word' id='word_1_98' title='bbox 643 1499 677 1545; x_wconf 92' lang='lat' dir='ltr'>ut</span> <span class='ocrx_word' id='word_1_99' title='bbox 697 1482 734 1544; x_wconf 91' lang='lat' dir='ltr'>ab</span> <span class='ocrx_word' id='word_1_100' title='bbox 755 1503 826 1565; x_wconf 87' lang='lat' dir='ltr'>agro</span> <span class='ocrx_word' id='word_1_101' title='bbox 847 1483 884 1544; x_wconf 89' lang='lat' dir='ltr'>ad</span> <span class='ocrx_word' id='word_1_102' title='bbox 933 1483 1075 1562; x_wconf 87' lang='lat' dir='ltr'>ivitates,</span> <span class='ocrx_word' id='word_1_103' title='bbox 1096 1502 1128 1550; x_wconf 86' lang='lat' dir='ltr'>at</span> <span class='ocrx_word' id='word_1_104' title='bbox 1149 1509 1186 1551; x_wconf 87' lang='lat' dir='ltr'>ue</span> <span class='ocrx_word' id='word_1_105' title='bbox 1204 1489 1244 1554; x_wconf 78' lang='lat' dir='ltr'>ad</span> 
     </span>
     <span class='ocr_line' id='line_1_14' title="bbox 277 1561 1245 1634; baseline -0.001 -5"><span class='ocrx_word' id='word_1_106' title='bbox 277 1564 439 1629; x_wconf 85' lang='lat' dir='ltr'>nobiliores</span> <span class='ocrx_word' id='word_1_107' title='bbox 469 1563 624 1626; x_wconf 88' lang='lat' dir='ltr'>hominum</span> <span class='ocrx_word' id='word_1_108' title='bbox 645 1579 719 1624; x_wconf 91' lang='lat' dir='ltr'>artes</span> <span class='ocrx_word' id='word_1_109' title='bbox 741 1583 788 1622; x_wconf 89' lang='lat' dir='ltr'>me</span> <span class='ocrx_word' id='word_1_110' title='bbox 808 1561 953 1633; x_wconf 81' lang='lat' dir='ltr'>referam3</span> <span class='ocrx_word' id='word_1_111' title='bbox 982 1565 1121 1629; x_wconf 91' lang='lat' dir='ltr'>continuo</span> <span class='ocrx_word' id='word_1_112' title='bbox 1168 1569 1245 1634; x_wconf 85' lang='lat' dir='ltr'>hilo·</span> 
     </span>
     <span class='ocr_line' id='line_1_15' title="bbox 280 1642 1244 1726; baseline 0.004 -18"><span class='ocrx_word' id='word_1_113' title='bbox 280 1643 409 1726; x_wconf 85' lang='lat' dir='ltr'>sophia,</span> <span class='ocrx_word' id='word_1_114' title='bbox 459 1661 501 1704; x_wconf 88' lang='lat' dir='ltr'>uae</span> <span class='ocrx_word' id='word_1_115' title='bbox 521 1643 561 1704; x_wconf 87' lang='lat' dir='ltr'>est</span> <span class='ocrx_word' id='word_1_116' title='bbox 582 1663 678 1704; x_wconf 89' lang='lat' dir='ltr'>rerum</span> <span class='ocrx_word' id='word_1_117' title='bbox 707 1642 902 1717; x_wconf 87' lang='lat' dir='ltr'>divinarum,</span> <span class='ocrx_word' id='word_1_118' title='bbox 930 1658 1019 1726; x_wconf 89' lang='lat' dir='ltr'>atque</span> <span class='ocrx_word' id='word_1_119' title='bbox 1046 1645 1244 1712; x_wconf 86' lang='lat' dir='ltr'>humanatum</span> 
     </span>
     <span class='ocr_line' id='line_1_16' title="bbox 274 1663 1243 1816; baseline 0.001 -29"><span class='ocrx_word' id='word_1_120' title='bbox 274 1663 542 1816; x_wconf 73' lang='lat' dir='ltr'>cognoscendarum</span> <span class='ocrx_word' id='word_1_121' title='bbox 565 1743 671 1797; x_wconf 88' lang='lat' dir='ltr'>amor,</span> <span class='ocrx_word' id='word_1_122' title='bbox 691 1721 723 1784; x_wconf 79' lang='grc' dir='ltr'>δι</span> <span class='ocrx_word' id='word_1_123' title='bbox 744 1721 914 1804; x_wconf 86' lang='lat' dir='ltr'>cupiditas,</span> <span class='ocrx_word' id='word_1_124' title='bbox 939 1743 1036 1785; x_wconf 89' lang='lat' dir='ltr'>nonne</span> <span class='ocrx_word' id='word_1_125' title='bbox 1057 1725 1090 1787; x_wconf 89' lang='lat' dir='ltr'>in</span> <span class='ocrx_word' id='word_1_126' title='bbox 1111 1726 1168 1794; x_wconf 85' lang='lat' dir='ltr'>suis</span> <span class='ocrx_word' id='word_1_127' title='bbox 1186 1729 1243 1794; x_wconf 77' lang='lat' dir='ltr'>ssu-</span> 
     </span>
     <span class='ocr_line' id='line_1_17' title="bbox 281 1800 1245 1885; baseline 0.007 -19"><span class='ocrx_word' id='word_1_128' title='bbox 281 1805 339 1866; x_wconf 84' lang='lat' dir='ltr'>dits</span> <span class='ocrx_word' id='word_1_129' title='bbox 360 1819 469 1866; x_wconf 78' lang='lat' dir='ltr'>natura</span> <span class='ocrx_word' id='word_1_130' title='bbox 496 1801 664 1864; x_wconf 76' lang='lat' dir='ltr'>desiderium</span> <span class='ocrx_word' id='word_1_131' title='bbox 685 1801 781 1864; x_wconf 85' lang='lat' dir='ltr'>secuta</span> <span class='ocrx_word' id='word_1_132' title='bbox 813 1800 872 1864; x_wconf 82' lang='lat' dir='ltr'>est?</span> <span class='ocrx_word' id='word_1_133' title='bbox 899 1802 1050 1885; x_wconf 89' lang='lat' dir='ltr'>Siquidem</span> <span class='ocrx_word' id='word_1_134' title='bbox 1069 1809 1245 1872; x_wconf 68' lang='lat' dir='ltr'>omneaho·</span> 
     </span>
     <span class='ocr_line' id='line_1_18' title="bbox 276 1881 1244 1978; baseline 0.004 -32"><span class='ocrx_word' id='word_1_135' title='bbox 276 1885 376 1946; x_wconf 86' lang='lat' dir='ltr'>mines</span> <span class='ocrx_word' id='word_1_136' title='bbox 397 1881 473 1944; x_wconf 90' lang='lat' dir='ltr'>nihil</span> <span class='ocrx_word' id='word_1_137' title='bbox 496 1897 558 1943; x_wconf 87' lang='lat' dir='ltr'>tam</span> <span class='ocrx_word' id='word_1_138' title='bbox 579 1899 684 1944; x_wconf 88' lang='lat' dir='ltr'>natura</span> <span class='ocrx_word' id='word_1_139' title='bbox 703 1882 844 1963; x_wconf 86' lang='lat' dir='ltr'>cupiunt,</span> <span class='ocrx_word' id='word_1_140' title='bbox 860 1897 951 1966; x_wconf 83' lang='lat' dir='ltr'>atque</span> <span class='ocrx_word' id='word_1_141' title='bbox 971 1899 1113 1964; x_wconf 90' lang='lat' dir='ltr'>appetunt</span> <span class='ocrx_word' id='word_1_142' title='bbox 1128 1931 1138 1962; x_wconf 91' lang='lat'>,</span> <span class='ocrx_word' id='word_1_143' title='bbox 1152 1907 1244 1978; x_wconf 86' lang='lat' dir='ltr'>quam</span> 
     </span>
     <span class='ocr_line' id='line_1_19' title="bbox 275 1961 1244 2046; baseline 0.005 -20"><span class='ocrx_word' id='word_1_144' title='bbox 275 1964 350 2026; x_wconf 85' lang='lat' dir='ltr'>scire</span> <span class='ocrx_word' id='word_1_145' title='bbox 367 2005 377 2037; x_wconf 89' lang='lat'>‚</span> <span class='ocrx_word' id='word_1_146' title='bbox 397 1981 488 2046; x_wconf 89' lang='lat' dir='ltr'>quam</span> <span class='ocrx_word' id='word_1_147' title='bbox 518 1961 697 2043; x_wconf 86' lang='lat' dir='ltr'>intelligere.</span> <span class='ocrx_word' id='word_1_148' title='bbox 727 1963 820 2042; x_wconf 86' lang='lat' dir='ltr'>Leges</span> <span class='ocrx_word' id='word_1_149' title='bbox 839 1981 934 2036; x_wconf 87' lang='lat' dir='ltr'>veto,</span> <span class='ocrx_word' id='word_1_150' title='bbox 961 1964 1067 2044; x_wconf 89' lang='lat' dir='ltr'>quibus</span> <span class='ocrx_word' id='word_1_151' title='bbox 1086 1965 1244 2030; x_wconf 88' lang='lat' dir='ltr'>hommum</span> 
     </span>
     <span class='ocr_line' id='line_1_20' title="bbox 273 2040 1245 2121; baseline 0.004 -15"><span class='ocrx_word' id='word_1_152' title='bbox 273 2042 405 2106; x_wconf 85' lang='lat' dir='ltr'>¹societas</span> <span class='ocrx_word' id='word_1_153' title='bbox 434 2040 616 2116; x_wconf 89' lang='lat' dir='ltr'>incolumis,</span> <span class='ocrx_word' id='word_1_154' title='bbox 645 2057 733 2121; x_wconf 85' lang='lat' dir='ltr'>atque</span> <span class='ocrx_word' id='word_1_155' title='bbox 754 2042 870 2121; x_wconf 88' lang='lat' dir='ltr'>integra</span> <span class='ocrx_word' id='word_1_156' title='bbox 896 2041 1116 2119; x_wconf 85' lang='lat' dir='ltr'>conservatur,</span> <span class='ocrx_word' id='word_1_157' title='bbox 1144 2065 1245 2110; x_wconf 85' lang='lat' dir='ltr'>nonne</span> 
     </span>
     <span class='ocr_line' id='line_1_21' title="bbox 272 2120 1247 2206; baseline 0.005 -21"><span class='ocrx_word' id='word_1_158' title='bbox 272 2123 314 2185; x_wconf 65' lang='grc' dir='ltr'>’ἃ</span> <span class='ocrx_word' id='word_1_159' title='bbox 336 2120 403 2202; x_wconf 83' lang='lat' dir='ltr'>ipsae</span> <span class='ocrx_word' id='word_1_160' title='bbox 423 2139 541 2206; x_wconf 89' lang='lat' dir='ltr'>quoque</span> <span class='ocrx_word' id='word_1_161' title='bbox 561 2121 592 2181; x_wconf 88' lang='lat' dir='ltr'>in</span> <span class='ocrx_word' id='word_1_162' title='bbox 613 2120 759 2196; x_wconf 85' lang='lat' dir='ltr'>vetando,</span> <span class='ocrx_word' id='word_1_163' title='bbox 779 2136 868 2202; x_wconf 88' lang='lat' dir='ltr'>atque</span> <span class='ocrx_word' id='word_1_164' title='bbox 887 2121 1058 2203; x_wconf 88' lang='lat' dir='ltr'>imperando</span> <span class='ocrx_word' id='word_1_165' title='bbox 1078 2123 1114 2184; x_wconf 85' lang='lat' dir='ltr'>ad</span> <span class='ocrx_word' id='word_1_166' title='bbox 1134 2143 1247 2190; x_wconf 66' lang='lat' dir='ltr'>natura</span> 
     </span>
     <span class='ocr_line' id='line_1_22' title="bbox 279 2198 1245 2283; baseline -0.007 -19"><span class='ocrx_word' id='word_1_167' title='bbox 279 2202 426 2264; x_wconf 85' lang='lat' dir='ltr'>rationem</span> <span class='ocrx_word' id='word_1_168' title='bbox 456 2200 505 2262; x_wconf 88' lang='lat' dir='ltr'>sua</span> <span class='ocrx_word' id='word_1_169' title='bbox 525 2200 595 2271; x_wconf 88' lang='lat' dir='ltr'>jussa</span> <span class='ocrx_word' id='word_1_170' title='bbox 614 2198 814 2263; x_wconf 83' lang='lat' dir='ltr'>constituunt?</span> <span class='ocrx_word' id='word_1_171' title='bbox 842 2199 900 2262; x_wconf 90' lang='lat' dir='ltr'>Illa</span> <span class='ocrx_word' id='word_1_172' title='bbox 921 2200 1025 2276; x_wconf 88' lang='lat' dir='ltr'>enim,</span> <span class='ocrx_word' id='word_1_173' title='bbox 1054 2204 1133 2283; x_wconf 88' lang='lat' dir='ltr'>quod</span> <span class='ocrx_word' id='word_1_174' title='bbox 1154 2205 1245 2270; x_wconf 86' lang='lat' dir='ltr'>hone.</span> 
     </span>
     <span class='ocr_line' id='line_1_23' title="bbox 279 2279 1246 2362; baseline 0.003 -18"><span class='ocrx_word' id='word_1_175' title='bbox 279 2282 357 2344; x_wconf 85' lang='lat' dir='ltr'>stum</span> <span class='ocrx_word' id='word_1_176' title='bbox 378 2281 443 2356; x_wconf 87' lang='lat' dir='ltr'>est,</span> <span class='ocrx_word' id='word_1_177' title='bbox 464 2281 592 2341; x_wconf 83' lang='lat' dir='ltr'>maxime</span> <span class='ocrx_word' id='word_1_178' title='bbox 614 2296 737 2354; x_wconf 89' lang='lat' dir='ltr'>tuetur,</span> <span class='ocrx_word' id='word_1_179' title='bbox 759 2296 847 2362; x_wconf 88' lang='lat' dir='ltr'>atque</span> <span class='ocrx_word' id='word_1_180' title='bbox 867 2279 1069 2358; x_wconf 69' lang='lat' dir='ltr'>amplestitum</span> <span class='ocrx_word' id='word_1_181' title='bbox 1084 2280 1121 2342; x_wconf 90' lang='lat' dir='ltr'>ab</span> <span class='ocrx_word' id='word_1_182' title='bbox 1137 2303 1177 2344; x_wconf 87' lang='lat' dir='ltr'>eo</span> <span class='ocrx_word' id='word_1_183' title='bbox 1195 2305 1246 2346; x_wconf 69' lang='lat' dir='ltr'>ue·</span> 
     </span>
     <span class='ocr_line' id='line_1_24' title="bbox 280 2357 1243 2452; baseline 0.003 -28"><span class='ocrx_word' id='word_1_184' title='bbox 280 2382 342 2437; x_wconf 90' lang='lat' dir='ltr'>ro,</span> <span class='ocrx_word' id='word_1_185' title='bbox 364 2360 444 2452; x_wconf 90' lang='lat' dir='ltr'>quod</span> <span class='ocrx_word' id='word_1_186' title='bbox 466 2376 550 2440; x_wconf 87' lang='lat' dir='ltr'>turpe</span> <span class='ocrx_word' id='word_1_187' title='bbox 570 2360 682 2433; x_wconf 90' lang='lat' dir='ltr'>sentit,</span> <span class='ocrx_word' id='word_1_188' title='bbox 703 2359 790 2439; x_wconf 89' lang='lat' dir='ltr'>longe</span> <span class='ocrx_word' id='word_1_189' title='bbox 812 2357 949 2419; x_wconf 87' lang='lat' dir='ltr'>abhorret</span> <span class='ocrx_word' id='word_1_190' title='bbox 965 2379 975 2427; x_wconf 85' lang='lat'>3</span> <span class='ocrx_word' id='word_1_191' title='bbox 995 2358 1040 2418; x_wconf 80' lang='lat' dir='ltr'>ha</span> <span class='ocrx_word' id='word_1_192' title='bbox 1058 2379 1130 2422; x_wconf 86' lang='lat' dir='ltr'>vero</span> <span class='ocrx_word' id='word_1_193' title='bbox 1149 2360 1243 2426; x_wconf 81' lang='lat' dir='ltr'>bonos</span> 
     </span>
     <span class='ocr_line' id='line_1_25' title="bbox 281 2434 1246 2524; baseline 0.005 -23"><span class='ocrx_word' id='word_1_194' title='bbox 281 2441 434 2524; x_wconf 74' lang='lat' dir='ltr'>premiis,</span> <span class='ocrx_word' id='word_1_195' title='bbox 464 2439 605 2520; x_wconf 89' lang='lat' dir='ltr'>supplicio</span> <span class='ocrx_word' id='word_1_196' title='bbox 627 2438 720 2500; x_wconf 85' lang='lat' dir='ltr'>sontes</span> <span class='ocrx_word' id='word_1_197' title='bbox 742 2434 820 2498; x_wconf 85' lang='lat' dir='ltr'>affici</span> <span class='ocrx_word' id='word_1_198' title='bbox 839 2434 956 2507; x_wconf 87' lang='lat' dir='ltr'>iubent.</span> <span class='ocrx_word' id='word_1_199' title='bbox 986 2436 1023 2498; x_wconf 94' lang='lat' dir='ltr'>In</span> <span class='ocrx_word' id='word_1_200' title='bbox 1044 2438 1246 2506; x_wconf 76' lang='lat' dir='ltr'>universate·</span> 
     </span>
     <span class='ocr_line' id='line_1_26' title="bbox 279 2516 1246 2603; baseline 0.004 -21"><span class='ocrx_word' id='word_1_201' title='bbox 279 2541 315 2582; x_wconf 86' lang='lat' dir='ltr'>ro</span> <span class='ocrx_word' id='word_1_202' title='bbox 336 2519 451 2582; x_wconf 89' lang='lat' dir='ltr'>dicendi</span> <span class='ocrx_word' id='word_1_203' title='bbox 471 2537 532 2582; x_wconf 91' lang='lat' dir='ltr'>arte</span> <span class='ocrx_word' id='word_1_204' title='bbox 551 2518 623 2602; x_wconf 89' lang='lat' dir='ltr'>quid</span> <span class='ocrx_word' id='word_1_205' title='bbox 643 2517 723 2579; x_wconf 91' lang='lat' dir='ltr'>aliud</span> <span class='ocrx_word' id='word_1_206' title='bbox 744 2517 889 2580; x_wconf 77' lang='lat' dir='ltr'>Rhetotes</span> <span class='ocrx_word' id='word_1_207' title='bbox 910 2516 1081 2594; x_wconf 89' lang='lat' dir='ltr'>attendunt,</span> <span class='ocrx_word' id='word_1_208' title='bbox 1102 2539 1193 2603; x_wconf 87' lang='lat' dir='ltr'>quam</span> <span class='ocrx_word' id='word_1_209' title='bbox 1208 2539 1246 2586; x_wconf 91' lang='lat' dir='ltr'>ut</span> 
     </span>
     <span class='ocr_line' id='line_1_27' title="bbox 280 2596 1246 2691; baseline 0.005 -29"><span class='ocrx_word' id='word_1_210' title='bbox 280 2601 506 2691; x_wconf 83' lang='lat' dir='ltr'>eius-praoepta</span> <span class='ocrx_word' id='word_1_211' title='bbox 525 2599 626 2660; x_wconf 88' lang='lat' dir='ltr'>omnia</span> <span class='ocrx_word' id='word_1_212' title='bbox 646 2597 839 2661; x_wconf 86' lang='lat' dir='ltr'>ad.naturam</span> <span class='ocrx_word' id='word_1_213' title='bbox 859 2596 952 2678; x_wconf 84' lang='lat' dir='ltr'>ipsam</span> <span class='ocrx_word' id='word_1_214' title='bbox 971 2600 1246 2666; x_wconf 76' lang='lat' dir='ltr'>accommodentur?</span> 
     </span>
     <span class='ocr_line' id='line_1_28' title="bbox 282 2675 1246 2755; baseline 0.002 -13"><span class='ocrx_word' id='word_1_215' title='bbox 282 2679 438 2742; x_wconf 80' lang='lat' dir='ltr'>Continuo</span> <span class='ocrx_word' id='word_1_216' title='bbox 451 2748 454 2754; x_wconf 49' lang='grc'><em>,</em></span> <span class='ocrx_word' id='word_1_217' title='bbox 467 2678 547 2740; x_wconf 91' lang='lat' dir='ltr'>enim</span> <span class='ocrx_word' id='word_1_218' title='bbox 568 2678 688 2740; x_wconf 86' lang='lat' dir='ltr'>Oratori</span> <span class='ocrx_word' id='word_1_219' title='bbox 716 2692 769 2740; x_wconf 90' lang='lat' dir='ltr'>aut</span> <span class='ocrx_word' id='word_1_220' title='bbox 789 2675 826 2739; x_wconf 89' lang='lat' dir='ltr'>ab</span> <span class='ocrx_word' id='word_1_221' title='bbox 855 2677 999 2755; x_wconf 88' lang='lat' dir='ltr'>exordio,</span> <span class='ocrx_word' id='word_1_222' title='bbox 1027 2680 1188 2744; x_wconf 88' lang='lat' dir='ltr'>autetiam</span> <span class='ocrx_word' id='word_1_223' title='bbox 1210 2682 1246 2744; x_wconf 81' lang='lat' dir='ltr'>fi·</span> 
     </span>
     <span class='ocr_line' id='line_1_29' title="bbox 281 2757 1245 2843; baseline 0.004 -22"><span class='ocrx_word' id='word_1_224' title='bbox 281 2779 345 2835; x_wconf 87' lang='lat' dir='ltr'>ne,</span> <span class='ocrx_word' id='word_1_225' title='bbox 366 2757 563 2840; x_wconf 87' lang='lat' dir='ltr'>incipiendum</span> <span class='ocrx_word' id='word_1_226' title='bbox 581 2757 635 2820; x_wconf 90' lang='lat' dir='ltr'>esse</span> <span class='ocrx_word' id='word_1_227' title='bbox 654 2757 844 2838; x_wconf 81' lang='lat' dir='ltr'>praecipiunt3</span> <span class='ocrx_word' id='word_1_228' title='bbox 860 2777 985 2840; x_wconf 88' lang='lat' dir='ltr'>qnorum</span> <span class='ocrx_word' id='word_1_229' title='bbox 1005 2773 1161 2843; x_wconf 86' lang='lat' dir='ltr'>utrumque</span> <span class='ocrx_word' id='word_1_230' title='bbox 1175 2782 1245 2826; x_wconf 90' lang='lat' dir='ltr'>cum</span> 
     </span>
     <span class='ocr_line' id='line_1_30' title="bbox 275 2833 1245 2922; baseline 0.004 -21"><span class='ocrx_word' id='word_1_231' title='bbox 275 2857 391 2901; x_wconf 75' lang='lat' dir='ltr'>¹¹natura</span> <span class='ocrx_word' id='word_1_232' title='bbox 418 2839 546 2900; x_wconf 84' lang='lat' dir='ltr'>maxime</span> <span class='ocrx_word' id='word_1_233' title='bbox 570 2833 655 2900; x_wconf 84' lang='lat' dir='ltr'>facit.</span> <span class='ocrx_word' id='word_1_234' title='bbox 686 2839 768 2899; x_wconf 90' lang='lat' dir='ltr'>Nam</span> <span class='ocrx_word' id='word_1_235' title='bbox 796 2836 849 2919; x_wconf 93' lang='lat' dir='ltr'>qui</span> <span class='ocrx_word' id='word_1_236' title='bbox 878 2838 1027 2914; x_wconf 89' lang='lat' dir='ltr'>incitato,</span> <span class='ocrx_word' id='word_1_237' title='bbox 1055 2861 1089 2902; x_wconf 87' lang='lat' dir='ltr'>ac</span> <span class='ocrx_word' id='word_1_238' title='bbox 1113 2841 1245 2922; x_wconf 84' lang='lat' dir='ltr'>graviter</span> 
     </span>
     <span class='ocr_line' id='line_1_31' title="bbox 278 2917 1248 2999; baseline 0.002 -18"><span class='ocrx_word' id='word_1_239' title='bbox 278 2936 438 2981; x_wconf 81' lang='lat' dir='ltr'>¹commoto</span> <span class='ocrx_word' id='word_1_240' title='bbox 459 2919 559 2981; x_wconf 89' lang='lat' dir='ltr'>animo</span> <span class='ocrx_word' id='word_1_241' title='bbox 579 2917 641 2999; x_wconf 90' lang='lat' dir='ltr'>agit</span> <span class='ocrx_word' id='word_1_242' title='bbox 657 2960 666 2993; x_wconf 92' lang='lat'>,</span> <span class='ocrx_word' id='word_1_243' title='bbox 687 2918 755 2980; x_wconf 88' lang='lat' dir='ltr'>irati</span> <span class='ocrx_word' id='word_1_244' title='bbox 775 2933 912 2979; x_wconf 83' lang='lat' dir='ltr'>naturam</span> <span class='ocrx_word' id='word_1_245' title='bbox 932 2917 1075 2999; x_wconf 84' lang='lat' dir='ltr'>sequens,</span> <span class='ocrx_word' id='word_1_246' title='bbox 1097 2918 1192 2982; x_wconf 91' lang='lat' dir='ltr'>subito</span> <span class='ocrx_word' id='word_1_247' title='bbox 1210 2921 1248 2984; x_wconf 81' lang='lat' dir='ltr'>im</span> 
     </span>
     <span class='ocr_line' id='line_1_32' title="bbox 281 2996 1247 3137; baseline 0.001 -77"><span class='ocrx_word' id='word_1_248' title='bbox 281 2998 481 3061; x_wconf 85' lang='lat' dir='ltr'>adversarium</span> <span class='ocrx_word' id='word_1_249' title='bbox 501 2996 611 3073; x_wconf 88' lang='lat' dir='ltr'>irruit,</span> <span class='ocrx_word' id='word_1_250' title='bbox 633 3018 672 3061; x_wconf 89' lang='lat' dir='ltr'>ac</span> <span class='ocrx_word' id='word_1_251' title='bbox 687 2996 767 3080; x_wconf 87' lang='lat' dir='ltr'>quafi</span> <span class='ocrx_word' id='word_1_252' title='bbox 787 3012 855 3059; x_wconf 87' lang='lat' dir='ltr'>ante</span> <span class='ocrx_word' id='word_1_253' title='bbox 869 3041 880 3074; x_wconf 93' lang='lat'><strong><em>,</em></strong></span> <span class='ocrx_word' id='word_1_254' title='bbox 889 3016 991 3137; x_wconf 61' lang='lat' dir='ltr'>epuam</span> <span class='ocrx_word' id='word_1_255' title='bbox 1011 2997 1142 3079; x_wconf 84' lang='lat' dir='ltr'>gladium</span> <span class='ocrx_word' id='word_1_256' title='bbox 1162 2999 1247 3062; x_wconf 77' lang='lat' dir='ltr'>lirin·</span> 
     </span>
     <span class='ocr_line' id='line_1_33' title="bbox 286 3077 1254 3162; baseline 0.002 -22"><span class='ocrx_word' id='word_1_257' title='bbox 286 3094 365 3158; x_wconf 84' lang='lat' dir='ltr'>gat,</span> <span class='ocrx_word' id='word_1_258' title='bbox 394 3077 431 3140; x_wconf 90' lang='lat' dir='ltr'>ad</span> <span class='ocrx_word' id='word_1_259' title='bbox 453 3097 557 3139; x_wconf 88' lang='lat' dir='ltr'>manus</span> <span class='ocrx_word' id='word_1_260' title='bbox 577 3077 677 3138; x_wconf 79' lang='lat' dir='ltr'>uenit.</span> <span class='ocrx_word' id='word_1_261' title='bbox 704 3077 766 3152; x_wconf 92' lang='lat' dir='ltr'>Qui</span> <span class='ocrx_word' id='word_1_262' title='bbox 785 3096 856 3148; x_wconf 83' lang='lat' dir='ltr'>vero</span> <span class='ocrx_word' id='word_1_263' title='bbox 925 3077 1025 3152; x_wconf 88' lang='lat' dir='ltr'>arius,</span> <span class='ocrx_word' id='word_1_264' title='bbox 1053 3097 1087 3138; x_wconf 89' lang='lat' dir='ltr'>ac</span> <span class='ocrx_word' id='word_1_265' title='bbox 1106 3079 1254 3162; x_wconf 82' lang='lat' dir='ltr'>tranquil·</span> 
     </span>
     <span class='ocr_line' id='line_1_34' title="bbox 272 3155 1249 3241; baseline 0.002 -23"><span class='ocrx_word' id='word_1_266' title='bbox 272 3158 343 3218; x_wconf 83' lang='lat' dir='ltr'>-lius</span> <span class='ocrx_word' id='word_1_267' title='bbox 364 3174 483 3240; x_wconf 83' lang='lat' dir='ltr'>agunt,</span> <span class='ocrx_word' id='word_1_268' title='bbox 512 3175 613 3220; x_wconf 91' lang='lat' dir='ltr'>eorum</span> <span class='ocrx_word' id='word_1_269' title='bbox 635 3156 675 3218; x_wconf 88' lang='lat' dir='ltr'>est</span> <span class='ocrx_word' id='word_1_270' title='bbox 704 3156 855 3238; x_wconf 88' lang='lat' dir='ltr'>proprium</span> <span class='ocrx_word' id='word_1_271' title='bbox 884 3155 1036 3226; x_wconf 83' lang='lat' dir='ltr'>exordiri3</span> <span class='ocrx_word' id='word_1_272' title='bbox 1064 3156 1095 3218; x_wconf 87' lang='lat' dir='ltr'>in</span> <span class='ocrx_word' id='word_1_273' title='bbox 1115 3171 1249 3241; x_wconf 83' lang='lat' dir='ltr'>queant</span> 
     </span>
     <span class='ocr_line' id='line_1_35' title="bbox 283 3234 1248 3310; baseline 0.003 -12"><span class='ocrx_word' id='word_1_274' title='bbox 283 3235 452 3300; x_wconf 84' lang='lat' dir='ltr'>auditorum</span> <span class='ocrx_word' id='word_1_275' title='bbox 473 3236 566 3304; x_wconf 87' lang='lat' dir='ltr'>animi</span> <span class='ocrx_word' id='word_1_276' title='bbox 587 3235 684 3298; x_wconf 90' lang='lat' dir='ltr'>statim</span> <span class='ocrx_word' id='word_1_277' title='bbox 705 3237 914 3310; x_wconf 87' lang='lat' dir='ltr'>conciliantur,</span> <span class='ocrx_word' id='word_1_278' title='bbox 931 3250 983 3297; x_wconf 91' lang='lat' dir='ltr'>aut</span> <span class='ocrx_word' id='word_1_279' title='bbox 1002 3234 1093 3298; x_wconf 88' lang='lat' dir='ltr'>etiam</span> <span class='ocrx_word' id='word_1_280' title='bbox 1108 3257 1248 3300; x_wconf 76' lang='lat' dir='ltr'>revocan-</span> 
     </span>
     <span class='ocr_line' id='line_1_36' title="bbox 286 3313 1248 3400; baseline 0.002 -22"><span class='ocrx_word' id='word_1_281' title='bbox 286 3332 366 3394; x_wconf 86' lang='lat' dir='ltr'>tut,</span> <span class='ocrx_word' id='word_1_282' title='bbox 395 3316 416 3378; x_wconf 79' lang='lat' dir='ltr'>fi</span> <span class='ocrx_word' id='word_1_283' title='bbox 435 3316 535 3400; x_wconf 86' lang='lat' dir='ltr'>aliquo</span> <span class='ocrx_word' id='word_1_284' title='bbox 562 3316 652 3379; x_wconf 86' lang='lat' dir='ltr'>modo</span> <span class='ocrx_word' id='word_1_285' title='bbox 671 3313 780 3379; x_wconf 86' lang='lat' dir='ltr'>fuerint</span> <span class='ocrx_word' id='word_1_286' title='bbox 799 3313 971 3378; x_wconf 86' lang='lat' dir='ltr'>abalienati.</span> <span class='ocrx_word' id='word_1_287' title='bbox 997 3316 1085 3393; x_wconf 89' lang='lat' dir='ltr'>Quod</span> <span class='ocrx_word' id='word_1_288' title='bbox 1106 3332 1202 3381; x_wconf 90' lang='lat' dir='ltr'>totum</span> <span class='ocrx_word' id='word_1_289' title='bbox 1222 3317 1248 3380; x_wconf 84' lang='lat' dir='ltr'>i·</span> 
     </span>
     <span class='ocr_line' id='line_1_37' title="bbox 276 3395 1247 3481; baseline 0.002 -23"><span class='ocrx_word' id='word_1_290' title='bbox 276 3413 346 3458; x_wconf 91' lang='lat' dir='ltr'>·tem</span> <span class='ocrx_word' id='word_1_291' title='bbox 367 3417 386 3458; x_wconf 92' lang='lat' dir='ltr'>a</span> <span class='ocrx_word' id='word_1_292' title='bbox 407 3413 510 3462; x_wconf 83' lang='lat' dir='ltr'>natura</span> <span class='ocrx_word' id='word_1_293' title='bbox 530 3399 594 3474; x_wconf 90' lang='lat' dir='ltr'>est,</span> <span class='ocrx_word' id='word_1_294' title='bbox 613 3415 678 3481; x_wconf 90' lang='lat' dir='ltr'>qua</span> <span class='ocrx_word' id='word_1_295' title='bbox 700 3395 857 3458; x_wconf 86' lang='lat' dir='ltr'>hominem·</span> <span class='ocrx_word' id='word_1_296' title='bbox 870 3395 973 3473; x_wconf 89' lang='lat' dir='ltr'>docet,</span> <span class='ocrx_word' id='word_1_297' title='bbox 987 3412 1021 3459; x_wconf 92' lang='lat' dir='ltr'>ut</span> <span class='ocrx_word' id='word_1_298' title='bbox 1043 3398 1076 3458; x_wconf 90' lang='lat' dir='ltr'>in</span> <span class='ocrx_word' id='word_1_299' title='bbox 1095 3418 1149 3474; x_wconf 88' lang='lat' dir='ltr'>eo,</span> <span class='ocrx_word' id='word_1_300' title='bbox 1165 3397 1247 3480; x_wconf 89' lang='lat' dir='ltr'>quod</span> 
     </span>
     <span class='ocr_line' id='line_1_38' title="bbox 283 3476 1246 3566; baseline 0 -30"><span class='ocrx_word' id='word_1_301' title='bbox 283 3491 391 3558; x_wconf 88' lang='lat' dir='ltr'>petat,</span> <span class='ocrx_word' id='word_1_302' title='bbox 413 3476 599 3553; x_wconf 86' lang='lat' dir='ltr'>obtinendo,</span> <span class='ocrx_word' id='word_1_303' title='bbox 620 3477 763 3540; x_wconf 84' lang='lat' dir='ltr'>continuo</span> <span class='ocrx_word' id='word_1_304' title='bbox 768 3519 787 3566; x_wconf 59' lang='lat'><em>7</em></span> <span class='ocrx_word' id='word_1_305' title='bbox 814 3491 903 3558; x_wconf 87' lang='lat' dir='ltr'>atque</span> <span class='ocrx_word' id='word_1_306' title='bbox 922 3477 955 3538; x_wconf 87' lang='lat' dir='ltr'>in</span> <span class='ocrx_word' id='word_1_307' title='bbox 974 3476 1036 3559; x_wconf 92' lang='lat' dir='ltr'>ipso</span> <span class='ocrx_word' id='word_1_308' title='bbox 1056 3476 1177 3542; x_wconf 71' lang='lat' dir='ltr'>adilonis</span> <span class='ocrx_word' id='word_1_309' title='bbox 1199 3478 1246 3537; x_wconf 91' lang='lat' dir='ltr'>in·</span> 
     </span>
     <span class='ocr_line' id='line_1_39' title="bbox 282 3556 1245 3638; baseline 0.003 -23"><span class='ocrx_word' id='word_1_310' title='bbox 282 3556 377 3636; x_wconf 81' lang='lat' dir='ltr'>gressu</span> <span class='ocrx_word' id='word_1_311' title='bbox 398 3557 535 3638; x_wconf 90' lang='lat' dir='ltr'>petitioni</span> <span class='ocrx_word' id='word_1_312' title='bbox 563 3557 618 3618; x_wconf 82' lang='lat' dir='ltr'>suae</span> <span class='ocrx_word' id='word_1_313' title='bbox 638 3557 746 3620; x_wconf 83' lang='lat' dir='ltr'>studere</span> <span class='ocrx_word' id='word_1_314' title='bbox 766 3557 823 3617; x_wconf 89' lang='lat' dir='ltr'>mci</span> <span class='ocrx_word' id='word_1_315' title='bbox 844 3557 913 3632; x_wconf 85' lang='lat' dir='ltr'>iat,</span> <span class='ocrx_word' id='word_1_316' title='bbox 940 3577 975 3618; x_wconf 89' lang='lat' dir='ltr'>ac</span> <span class='ocrx_word' id='word_1_317' title='bbox 993 3556 1158 3619; x_wconf 84' lang='lat' dir='ltr'>auditorem</span> <span class='ocrx_word' id='word_1_318' title='bbox 1175 3572 1245 3618; x_wconf 86' lang='lat' dir='ltr'>cunt</span> 
     </span>
     <span class='ocr_line' id='line_1_40' title="bbox 276 3630 1246 3712; baseline -0.001 -17"><span class='ocrx_word' id='word_1_319' title='bbox 276 3635 324 3695; x_wconf 58' lang='lat' dir='ltr'>&#39;ad</span> <span class='ocrx_word' id='word_1_320' title='bbox 346 3637 398 3698; x_wconf 91' lang='lat' dir='ltr'>teli</span> <span class='ocrx_word' id='word_1_321' title='bbox 420 3657 489 3700; x_wconf 86' lang='lat' dir='ltr'>uam</span> <span class='ocrx_word' id='word_1_322' title='bbox 509 3636 692 3712; x_wconf 72' lang='lat' dir='ltr'>diffindens,</span> <span class='ocrx_word' id='word_1_323' title='bbox 714 3652 779 3698; x_wconf 86' lang='lat' dir='ltr'>tunt</span> <span class='ocrx_word' id='word_1_324' title='bbox 856 3656 918 3697; x_wconf 88' lang='lat' dir='ltr'>tem</span> <span class='ocrx_word' id='word_1_325' title='bbox 938 3636 1149 3698; x_wconf 84' lang='lat' dir='ltr'>concedendam</span> <span class='ocrx_word' id='word_1_326' title='bbox 1175 3630 1246 3696; x_wconf 85' lang='lat' dir='ltr'>fati·</span> 
     </span>
     <span class='ocr_line' id='line_1_41' title="bbox 281 3657 1244 3800; baseline -0.001 -24"><span class='ocrx_word' id='word_1_327' title='bbox 281 3713 387 3777; x_wconf 82' lang='lat' dir='ltr'>liorem</span> <span class='ocrx_word' id='word_1_328' title='bbox 399 3657 459 3780; x_wconf 78' lang='lat' dir='ltr'>qsibi</span> <span class='ocrx_word' id='word_1_329' title='bbox 480 3733 642 3800; x_wconf 81' lang='lat' dir='ltr'>comparet.</span> <span class='ocrx_word' id='word_1_330' title='bbox 665 3715 855 3780; x_wconf 87' lang='lat' dir='ltr'>Narrandum</span> <span class='ocrx_word' id='word_1_331' title='bbox 875 3715 914 3778; x_wconf 87' lang='lat' dir='ltr'>est</span> <span class='ocrx_word' id='word_1_332' title='bbox 934 3715 1061 3778; x_wconf 86' lang='lat' dir='ltr'>brevitet</span> <span class='ocrx_word' id='word_1_333' title='bbox 1081 3735 1091 3785; x_wconf 87' lang='lat'>3</span> <span class='ocrx_word' id='word_1_334' title='bbox 1118 3711 1190 3794; x_wconf 84' lang='lat' dir='ltr'>quin</span> <span class='ocrx_word' id='word_1_335' title='bbox 1210 3712 1244 3776; x_wconf 86' lang='lat' dir='ltr'>in</span> 
     </span>
    </p>
   </div>
   <div class='ocr_carea' id='block_1_2' title="bbox 285 3791 1246 3936">
    <p class='ocr_par' dir='ltr' id='par_1_2' title="bbox 285 3791 1246 3936">
     <span class='ocr_line' id='line_1_42' title="bbox 285 3791 1246 3936; baseline -0.002 -78"><span class='ocrx_word' id='word_1_336' title='bbox 285 3813 317 3858; x_wconf 86' lang='lat' dir='ltr'>te</span> <span class='ocrx_word' id='word_1_337' title='bbox 338 3811 413 3876; x_wconf 76' lang='lat' dir='ltr'>nota.¹</span> <span class='ocrx_word' id='word_1_338' title='bbox 432 3818 469 3862; x_wconf 87' lang='lat' dir='ltr'>ue</span> <span class='ocrx_word' id='word_1_339' title='bbox 490 3796 665 3864; x_wconf 78' lang='lat' dir='ltr'>sanandum</span> <span class='ocrx_word' id='word_1_340' title='bbox 685 3796 725 3860; x_wconf 84' lang='lat' dir='ltr'>est</span> <span class='ocrx_word' id='word_1_341' title='bbox 747 3795 894 3882; x_wconf 75' lang='lat' dir='ltr'>quidemt</span> <span class='ocrx_word' id='word_1_342' title='bbox 923 3809 1076 3880; x_wconf 82' lang='lat' dir='ltr'>propterea</span> <span class='ocrx_word' id='word_1_343' title='bbox 1093 3791 1173 3936; x_wconf 73' lang='lat' dir='ltr'>qupd</span> <span class='ocrx_word' id='word_1_344' title='bbox 1193 3811 1246 3856; x_wconf 87' lang='lat' dir='ltr'>na-</span> 
     </span>
     <span class='ocr_line' id='line_1_43' title="bbox 487 3883 1208 3934; baseline 0 -1"><span class='ocrx_word' id='word_1_345' title='bbox 487 3883 491 3894; x_wconf 85' lang='lat'><strong>·</strong></span> <span class='ocrx_word' id='word_1_346' title='bbox 1152 3890 1208 3934; x_wconf 77' lang='lat' dir='ltr'>tua</span> 
     </span>
    </p>
   </div>
   <div class='ocr_carea' id='block_1_3' title="bbox 0 0 1532 4559">
    <p class='ocr_par' dir='ltr' id='par_1_3' title="bbox 0 0 1532 4559">
     <span class='ocr_line' id='line_1_44' title="bbox 0 0 1532 4559; baseline 0 0"><span class='ocrx_word' id='word_1_347' title='bbox 0 0 1532 4559; x_wconf 95' lang='lat' dir='ltr'> </span> 
     </span>
    </p>
   </div>
  </div>
 </body>
</html>
