3034 4559
448 481 467 501 -·
561 444 972 529 Dayuntc'im
1143 445 1199 527 189

279 543 326 593 lut
345 517 383 593 de
405 528 523 592 alteriue
551 529 669 592 consilio
688 529 802 592 dicebat
821 550 830 603 3
861 528 906 592 sed
928 526 957 591 id
979 543 1074 593 totum
1096 547 1239 615 anatum

260 609 447 674 ,inhausetat
468 653 477 684 ,
505 611 568 691 q'uae
589 610 648 680 iam
669 609 755 671 ineo
777 624 866 689 pueto
887 628 940 691 pro
961 610 1005 671 Re
1025 608 1120 671 ublica
1138 612 1239 691 vigere

280 688 462 771 incipiebat.
499 688 661 780 Alcibiades
681 709 750 751 vero
786 688 818 750 δι
838 688 896 769 ipse
915 629 1103 780 adelaidem,
1125 708 1158 751 ac
1177 708 1239 769 poe·

275 767 1105 911 'liiiiideto'miiifflalslidldieilcrlavdtldiiimirideildilmedriiidm
1116 784 1240 910 '’iiimrttliie

275 927 342 1019 'lioc⁸
359 928 399 990 cll
420 941 508 989 tanta
531 926 747 1018 solicitudinis,
767 944 856 1019 atque
876 894 982 989 mentis
1002 867 1242 1019 linquitelqtori

275 1005 418 1069 Pericles.
441 1005 478 1066 In
498 1007 639 1069 Minerva
660 1007 811 1087 Propylaea
830 1023 979 1100 ingentem
1000 1026 1126 1089 pecunia
1146 1006 1242 1090 publi·

278 1104 317 1148 cae
340 1086 404 1148 vim
434 1084 596 1225 insumpllj
624 1084 683 1156 ejus
706 1088 782 1150 ratio
802 1087 877 1150 inihi
899 1106 976 1149 nunc
1003 1086 1147 1150 reddenda
1175 1084 1242 1180 eil..

277 1184 373 1322 ¹52}ss
386 1165 635 1337 assissinis
647 1165 973 1337 {limirensis}
992 1166 1085 1330 {llll
1099 1184 1243 1329 ἰἒὲιιέῗ

278 1339 394 1407 quartas
414 1342 583 1407 igitur,qui
604 1343 746 1415 rationein
761 1345 832 1417 'eam
852 1346 911 1388 non
920 1326 1037 1416 reddas·
1059 1326 1131 1388 Nori
1146 1343 1245 1409 quaero

279 1404 337 1468 hoc
358 1402 443 1479 loco,
458 1417 556 1466 utrum
579 1404 681 1466 Patria
701 1404 861 1467 Alcibiadis
881 1404 1030 1467 confilium
1048 1404 1170 1467 salutare
1185 1403 1245 1468 fue·

280 1485 320 1546 tit
338 1502 348 1552 ;
369 1482 438 1545 satis
460 1484 536 1543 milii
556 1483 620 1559 ell,
641 1486 720 1568 quod
741 1503 812 1567 puer
833 1484 948 1547 acutius
967 1500 1072 1546 natura
1092 1484 1246 1565 magistra,

280 1580 374 1647 quam
396 1563 517 1625 Pericles
546 1563 605 1704 ipse
632 1581 703 1627 natu
730 1565 869 1646 grandior
890 1564 940 1625 sua
959 1583 1054 1625 rerum
1077 1583 1111 1627 co
1154 1564 1248 1627 itione

261 1642 412 1725 (uidisset.
433 1643 546 1705 Alexan
567 1663 598 1703 er
616 1664 686 1705 vero
705 1644 737 1707 dt
758 1644 818 1725 ipse
838 1644 995 1709 admodum
1016 1644 1100 1705 adole
1112 1663 1177 1707 cens
1198 1659 1248 1719 ,a

265 1721 427 1803 -Philippo
455 1741 535 1803 patre
555 1723 698 1786 invitatui
719 1767 745 1816 ,ι
759 1745 797 1785 aii
813 1724 879 1816 ‘ipse
929 1743 1023 1807 uoque
1043 1723 1074 1786 in
1097 1723 1249 1806 Olympiit

283 1820 397 1864 currere
427 1802 542 1873 vellet3
571 1825 707 1879 curram,
737 1821 861 1887 inquit,
892 1743 1048 1879 imecum
1072 1806 1159 1887 Reges
1187 1826 1249 1867 con·

284 1898 418 1941 maante
448 1880 576 1944 Gravius
606 1883 773 1964 respondere
794 1904 854 1947 non
875 1883 999 1966 potuit3
1027 1904 1122 1966 neque
1150 1901 1250 1947 tamen

283 1960 315 2022 id
346 1959 386 2021 ab
412 1961 474 2023 ullo
502 1962 669 2043 Magistro,
697 1984 788 2047 quani
819 1971 961 2027 anatuta
988 1963 1065 2045 ipsa,
1087 1964 1249 2055 respondit.

284 2039 387 2103 Tanta
413 2041 494 2102 enim
523 2042 608 2111 hujus
630 2045 675 2105 vis
703 2043 770 2119 est,
801 2060 835 2106 ut
861 2044 981 2127 quidam
1011 2043 1141 2106 arbitrati
1163 2045 1248 2117 sint,

287 2139 352 2181 eam
375 2119 408 2182 iu
428 2118 582 2183 hominum
602 2122 734 2197 animis,
763 2138 921 2205 antequam
943 2121 1121 2197 nascantur,
1150 2123 1251 2185 omnia
1290 2189 1293 2200 ‚

288 2198 465 2275 infundere,
485 2200 597 2282 idque,
619 2203 697 2340 ‹puod
718 2201 816 2283 postea
837 2201 1017 2277 addiscitur,
1037 2202 1133 2290 potius
1155 2203 1189 2263 sit
1209 2220 1253 2262 re·

287 2275 404 2342 minisci
421 2322 431 2355 ,
450 2299 540 2363 quam
561 2280 726 2356 addicere,
754 2296 789 2343 ut
808 2282 859 2363 qui
881 2302 899 2342 a
919 2298 1023 2343 natura
1042 2296 1152 2360 optime
1172 2280 1253 2341 inlli-

288 2374 370 2420 tutus
394 2358 454 2434 fit,
483 2360 508 2421 ia
528 2359 595 2422 satis
617 2360 721 2429 habeat
741 2360 778 2421 ad
799 2359 898 2435 telle,
926 2376 1015 2443 atque
1041 2374 1126 2421 acute
1152 2359 1252 2422 viden·

287 2437 377 2499 dum.
397 2436 518 2501 Tritum
538 2457 638 2502 aurem
657 2439 734 2521 apud
757 2457 810 2501 nos
833 2438 907 2501 illud
928 2440 992 2516 eil,
1012 2439 1156 2500 mulierum
1172 2436 1254 2515 const*-

289 2519 361 2578 lium
377 2518 508 2588 vammum
522 2520 598 2600 effe,
615 2518 690 2593 ſsex
705 2534 819 2601 tempore
831 2520 961 2597 statuatur
975 2542 989 2592 ς
1006 2540 1099 2583 contra
1122 2541 1185 2579 vero
1200 2541 1255 2582 mi»

289 2597 357 2656 ita:
379 2597 517 2674 sortasse,
537 2600 608 2682 quia
629 2618 728 2661 earum
752 2614 856 2661 natura
876 2600 944 2662 talis
965 2598 1026 2676 fit,
1049 2617 1082 2664 ut
1101 2597 1195 2662 subito
1211 2619 1254 2664 re·

290 2674 367 2738 clius
389 2676 527 2753 videant,
544 2698 632 2760 quam
650 2700 716 2741 cum
737 2680 880 2742 maturius
895 2679 1151 2744 animadvertunt.
1174 2679 1257 2757 Quid

290 2755 372 2896 puod
393 2757 504 2838 constat
524 2760 601 2820 inter
621 2760 720 2822 dodlos
740 2761 832 2823 Viros
852 2804 862 2838 ‚
891 2761 1039 2823 hominem
1060 2761 1194 2843 ignarum
1213 2762 1255 2823 A·

315 2836 461 2918 tologiae,
482 2838 695 2916 ornatissimis,
716 2856 805 2925 atque
825 2857 844 2903 o
866 2840 946 2903 timit
965 2840 1107 2917 veifibus,
1132 2846 1256 2904 Aratum

293 2914 329 2977 de
349 2915 455 2992 Coelo,
477 2934 566 3001 atque
584 2920 622 2981 de
640 2921 736 2981 Stellis
758 2920 819 2981 diiii
842 2916 879 2981 e?
901 2920 1084 2982 Nicandrum
1104 2940 1175 2992 veto
1195 2918 1255 2981 Co·

276 2994 469 3076 lophonium
489 2998 520 3059 δι
540 2997 576 3059 de
595 3020 666 3071 agro
686 2998 825 3074 colendo,
844 3000 924 3070 cujus
943 2998 1068 3061 scientia
1088 2999 1206 3079 ignarus
1227 3018 1258 3060 e-

291 3090 340 3136 rat
361 3119 371 3150 ,
390 3078 505 3157 optime
524 3076 674 3158 scripsisse?
702 3095 828 3161 quorum
851 3094 970 3158 uterque
999 3077 1040 3138 rei
1060 3092 1198 3139 naturam
1218 3076 1257 3138 se·

292 3170 405 3229 cutus,
426 3176 490 3218 eani
510 3158 661 3250 gloriam,
691 3178 751 3240 qua
771 3155 977 3230 celebrantur,
1009 3154 1074 3217 sunt
1094 3154 1256 3218 consecuti.

292 3234 379 3308 Quin
407 3237 497 3298 etiam
520 3258 551 3299 iii
581 3238 643 3313 iis,
669 3252 733 3319 qua
753 3235 901 3312 sortunae,
928 3232 1008 3375 <pund
1037 3235 1135 3298 multo
1163 3254 1194 3297 m
1232 3236 1258 3299 ia

288 3312 362 3388 est,
392 3312 515 3385 subiecia
535 3319 630 3394 sunt,
659 3335 746 3400 atque
767 3317 799 3378 in
826 3315 888 3397 ipso
908 3313 977 3376 beli
1000 3314 1127 3391 medio,
1150 3332 1183 3379 ut

294 3391 353 3454 lius
374 3393 513 3473 dicebat,
533 3397 611 3463 cerni
631 3418 692 3461 non
712 3397 823 3477 possunt
843 3442 853 3474 ,
881 3394 1024 3458 Hostilius
1044 3396 1095 3459 suo
1115 3396 1261 3481 ingenio,

295 3487 386 3563 atque
406 3474 508 3537 divina
527 3493 631 3540 natura
650 3477 763 3560 optime
784 3476 884 3553 vidit,
903 3494 970 3538 cum
986 3475 1108 3539 fortunae
1124 3476 1178 3540 suae
1215 3480 1260 3537 to.·²

293 3550 442 3615 ditionem
472 3577 531 3619 una
558 3578 629 3620 voce
654 3557 796 3622 correxit.
825 3557 884 3619 Hic
912 3556 1016 3631 enirn,
1045 3556 1144 3619 audiui
1208 3554 1261 3620 etii

296 3628 408 3723 Fufetii
429 3634 466 3698 ad
489 3637 581 3700 hosles
603 3636 785 3712 desectione,
808 3636 869 3700 alta
890 3652 986 3711 voce,
1007 3651 1040 3697 ut
1061 3636 1152 3697 hollei
1167 3632 1258 3726 etiam

295 3711 449 3790 audirent,
470 3717 596 3783 iuliane
617 3718 789 3781 sententiam
811 3716 970 3786 clamavit3
991 3738 1024 3773 ne
1041 3715 1151 3787 timete,
1168 3709 1261 3791 sonis-

290 3789 361 3865 fimi
380 3794 507 3857 milites:
527 3818 573 3876 ego
594 3799 734 3877 Fufetium
755 3797 824 3870 illuc
843 3793 934 3875 mest,
961 3796 1013 3879 qui
1031 3790 1128 3877 bostem
1148 3792 1262 3854 circum·

1177 3892 1226 3934 uo
