3034 4559
337 456 377 530 4⁶
497 448 576 512 Dr
611 448 1042 510 'lMI'I'ATdoNE

294 533 333 594 ad
354 528 496 593 Latinam·
518 528 681 595 orationem
701 526 965 607 locupletandam,
992 549 1082 611 quam
1105 528 1198 593 etiarn
1217 529 1257 596 ad

296 614 327 674 id
348 611 459 690 ipsum,
479 628 568 689 quarn
589 606 682 668 Gracci
703 605 770 686 ipsi,
786 605 959 687 splendidius
981 608 1163 685 ornandum,
1181 611 1257 674 sunr-

294 690 371 772 pfisse
392 691 516 751 constat.
536 691 671 763 Quorum
693 707 748 767 ego
769 684 800 747 δι
821 684 947 763 iudicii,
967 687 998 750 ἃ
1014 687 1150 749 doctrina
1172 690 1257 756 facile

294 769 459 851 principum
491 766 631 828 Virorum
650 766 791 827 sententia
819 780 934 828 tantum
954 765 1057 842 abest,
1083 782 1115 829 ut
1144 768 1182 830 de
1202 769 1258 834 hae

291 871 362 912 mea
379 848 539 929 quicquam
558 845 719 919 decedam,
740 861 774 907 ut
796 844 828 906 in
849 866 885 907 ca
905 846 998 928 magis
1017 846 1172 926 confirmer
1188 893 1199 923 ,
1215 865 1258 911 ar·

292 950 351 1009 que
373 925 528 988 constituar
549 926 690 987 validius.
712 928 819 1006 Neque
837 925 893 988 hoc
915 926 1039 1004 solum,
1068 927 1207 1008 quodem
1228 950 1258 991 a·

292 1011 374 1071 liena
404 1006 509 1085 lingua
534 1004 679 1084 particulis
710 1004 882 1085 quibusdam
910 1007 998 1068 etiam
1020 1026 1087 1067 cum
1109 1005 1257 1092 dignitate

291 1089 366 1149 sumi
387 1085 497 1166 potest,
510 1083 651 1146 bonorum
673 1085 839 1146 testimonio
859 1083 921 1147 sieri
941 1085 1187 1168 comprobamus,
1207 1086 1255 1150 sed

291 1185 389 1230 totum
419 1165 600 1241 etiarn-rei,
628 1181 772 1245 quantum
793 1164 862 1239 est,
890 1182 1123 1247 argumentum,
1151 1167 1201 1228 vel
1224 1186 1255 1229 u·

291 1250 385 1318 nius,
406 1244 454 1307 vel
477 1244 637 1324 multorum
659 1245 689 1306 id
708 1244 743 1306 lit
763 1243 950 1320 Auslorum,
980 1247 1012 1307 in
1032 1244 1160 1308 nostram
1193 1266 1256 1324 ora·

291 1328 404 1389 tionem
426 1322 568 1386 transferri
588 1325 686 1405 posse,
708 1323 850 1386 bonorum
871 1325 942 1386 irem
962 1324 1106 1413 *exemplos
1121 1323 1256 1387 constan·

291 1425 336 1468 ter
355 1406 558 1468 asseveramus.
580 1404 666 1468 Plato
674 1404 834 1484 Dialogum
856 1403 890 1466 de
906 1404 1037 1466 amicitia
1053 1402 1196 1493 scriptum
1212 1426 1255 1466 re·

290 1486 403 1567 liquit3
433 1484 540 1546 Latina
576 1485 708 1546 oratione
736 1504 801 1545 eam
822 1504 939 1565 quoque
966 1500 1078 1564 partem
1102 1500 1253 1565 integram

288 1564 423 1627 Ciceroni
443 1564 553 1643 placuit
576 1564 741 1635 illustrare3
762 1564 793 1624 in
814 1585 874 1645 quo
894 1563 987 1625 studio
1007 1562 1078 1643 quid
1099 1564 1168 1625 vitii
1184 1585 1254 1627 con·

288 1644 432 1716 traxerit,
451 1663 489 1705 ne
508 1643 601 1704 Graeci
621 1642 673 1722 ipsi
694 1662 835 1723 umquam
855 1642 994 1703 dixerint.
1016 1641 1205 1718 Aristoteles,
1221 1643 1255 1712 ἃ

286 1723 430 1785 Panaetius
457 1721 493 1786 de
512 1720 615 1784 officiis
643 1721 866 1785 cumulatissime
893 1721 1084 1802 scripserunt.
1113 1723 1253 1788 Tantum

286 1803 387 1874 abest,
416 1817 450 1863 ut
470 1801 576 1862 horum
598 1800 770 1862 austeritate
798 1800 901 1864 Cicero
920 1802 1078 1885 quicquam
1108 1800 1145 1864 ab
1167 1802 1204 1864 iis
1227 1803 1252 1866 i-

286 1884 341 1965 psis
359 1879 512 1942 scribendis
531 1880 634 1942 officiis
657 1880 808 1941 deterritus
828 1880 888 1958 sit,
909 1899 943 1943 ut
959 1882 1034 1942 nihil
1053 1879 1113 1941 illis
1135 1881 1255 2022 scripse·

285 1963 326 2024 rit
342 1959 535 2042 splendidior,
550 1960 625 2020 nihil
641 1956 765 2021 effecerit
781 1959 953 2023 absolutius.
975 1964 1049 2035 Qua
1068 1976 1170 2024 tamen
1199 1960 1256 2022 cri.

281 2039 369 2104 bendi
390 2037 512 2100 facultas
543 2039 674 2103 universa
694 2038 764 2102 duas
793 2040 824 2102 in
845 2042 946 2120 primis
967 2040 1116 2102 cautiones
1139 2039 1249 2104 habere

282 2120 423 2194 videtur,
443 2138 481 2179 ne
501 2118 611 2197 prorsus
632 2118 664 2178 in
686 2139 720 2179 ea
740 2119 894 2201 quisquam
914 2118 984 2179 surti
1004 2118 1156 2182 nobiscum
1182 2141 1251 2204 age·

237 2248 239 2250 -
282 2221 312 2263 re
331 2198 431 2280 podir.
451 2197 563 2272 Una,sr
584 2197 724 2280 quicquid
747 2198 784 2262 ad
803 2200 928 2264 aliorum
948 2198 1169 2264 amularionem
1191 2218 1252 2269 tra·

281 2278 422 2340 &andum
442 2277 673 2358 sumpserimus,
701 2278 731 2338 id
752 2279 922 2339 inventione
945 2277 1118 2358 locupletius
1140 2278 1249 2342 efficie-

282 2379 373 2429 mus3
394 2359 509 2432 altera,
531 2358 550 2417 fi
572 2357 668 2418 nostro
688 2357 717 2418 id
737 2358 895 2432 instituto,
916 2374 1005 2437 atque
1026 2358 1129 2419 ordine
1149 2361 1249 2439 prose·

281 2458 405 2519 quemur
426 2437 559 2498 meliore.
580 2438 755 2498 Theocritus
779 2437 1069 2513 Pharmaceutriam,
1098 2437 1155 2500 hoc
1177 2440 1248 2515 eli,

279 2519 493 2579 enarrationem
515 2518 702 2590 amatorium,
723 2515 846 2593 scripsit.
871 2516 952 2575 Idem
968 2516 1088 2579 Maroni
1108 2516 1149 2577 ali
1173 2539 1248 2582 uan-

281 2595 320 2655 do
340 2596 450 2656 efficere
477 2596 542 2658 usus
562 2596 669 2655 venit:
701 2595 732 2653 in
754 2615 814 2673 quo
834 2611 1006 2673 argumento
1033 2596 1126 2657 nosler
1150 2538 1247 2680 longe

281 2673 387 2735 melius
415 2674 542 2737 versatus
561 2674 617 2732 est.
647 2676 753 2744 Nam,
776 2674 861 2753 .quod
883 2674 918 2739 ad
939 2675 1145 2739 inventionem·
1172 2681 1246 2742 atti·

277 2768 354 2825 net,
375 2752 473 2829 sapius
494 2753 611 2824 inania,
633 2772 665 2811 ac
685 2751 809 2829 puerilia
829 2753 1003 2815 Theocritus
1026 2756 1118 2834 garrit
1141 2778 1151 2827 3
1174 2758 1245 2819 Ma·

278 2851 313 2893 ro
334 2846 431 2891 autem
453 2851 539 2902 non,
558 2830 609 2891 nisr
628 2830 707 2911 quod
728 2830 755 2889 se
776 2832 903 2892 maxime
923 2833 1046 2908 deceat,
1067 2836 1150 2914 agir.
1174 2837 1244 2900 Pari

278 2926 377 2970 aurem
399 2909 511 2969 ratione
530 2909 564 2970 fit
584 2911 615 2969 in
636 2909 766 2984 ordine,
787 2911 898 2993 inquo
920 2912 1012 2973 noller
1032 2915 1128 2993 magis
1149 2936 1244 2997 appo·

279 2989 353 3051 situs.
367 2988 419 3049 else
442 3010 502 3050 non
524 2989 613 3067 posset
629 3010 636 3059 3
657 3009 723 3050 cum
740 2992 857 3058 Graecus
878 2990 1073 3053 inconstanter
1090 3014 1178 3073 agere
1195 2999 1246 3060 vi.

276 3067 393 3131 deatur.
415 3070 495 3144 Quin
515 3068 571 3130 illa·
587 3088 721 3150 quoque,
740 3069 760 3130 si
782 3089 847 3151 quae
866 3090 900 3133 erc
921 3091 956 3132 eo
976 3072 1064 3132 Maro
1085 3092 1246 3140 mutuatus

278 3148 317 3207 est
334 3192 344 3221 ,
364 3148 406 3209 ita
425 3148 604 3223 commode,
625 3149 724 3230 itaque
745 3150 873 3229 apposite
891 3148 947 3211 suis
968 3150 1127 3228 adiunxit,
1151 3172 1185 3218 ut
1206 3178 1243 3220 ea

278 3229 376 3305 potius
405 3228 436 3288 in
457 3229 540 3289 suum
560 3229 655 3289 locum
684 3228 837 3303 restituta,
867 3246 954 3309 atque
974 3232 1123 3308 repetita,
1146 3230 1247 3317 quam

276 3326 295 3365 a
314 3325 462 3385 quoquam
483 3307 604 3382 ablata,
625 3325 712 3388 atque
734 3325 852 3388 accepta
872 3309 921 3368 else
941 3308 1035 3369 videri·
1053 3312 1179 3389 possrnr.
1208 3318 1239 3377 si

276 3403 346 3444 vero
368 3385 400 3445 in
420 3386 519 3447 eadem
540 3388 642 3467 lingua
663 3388 697 3447 sit
718 3388 794 3448 idem
814 3403 1035 3465 argumentum,
1059 3390 1090 3450 δι
1111 3397 1246 3458 materia„

275 3461 405 3540 pluribus
433 3487 466 3525 ex
489 3467 630 3538 lisanda,
658 3467 688 3526 id
717 3466 836 3546 quidem
865 3485 925 3524 non
947 3485 1049 3543 parum
1077 3473 1134 3533 erit
1155 3475 1241 3544 adju.

276 3542 392 3616 menti,
413 3546 433 3605 sr
455 3486 527 3606 alius
549 3546 698 3617 versibus,
721 3545 794 3605 alius
816 3563 848 3602 ea
877 3546 1034 3618 oratione,
1055 3568 1116 3627 qua
1140 3556 1238 3635 vulgo

274 3618 447 3699 loquimur,
474 3624 634 3696 solutiore,
662 3623 736 3684 illud
755 3622 876 3683 dicendo
905 3641 1050 3694 exornet5
1082 3632 1174 3694 modo
1196 3636 1240 3696 di.

274 3698 379 3760 &ionis
399 3725 488 3782 genus
509 3724 543 3763 ea
563 3700 683 3762 facultas
705 3703 842 3780 recipiar,
863 3718 950 3782 atque
971 3703 1001 3763 in
1025 3704 1052 3766 se
1073 3710 1237 3778 admittat:

269 3781 516 3858 quemadmodum
535 3801 602 3847 curn
621 3780 751 3857 Catone,
768 3802 800 3848 ac
822 3780 952 3846 Varrone
974 3783 1140 3871 Virgilium
1160 3794 1193 3855 in
1210 3816 1241 3859 re

1150 3894 1163 3934 1·
1166 3894 1198 3935 u-
