3034 4559
383 465 433 534 φ
553 436 629 502 ΒΕ
668 436 1116 501 ῙΜΙΤΑΤΙΟΝΕ.

349 520 513 586 ratronibus
542 520 667 582 deserere
695 534 862 601 cogantur3
890 518 1090 600 gravissimum
1126 519 1156 581 id
1185 521 1226 584 est
1246 522 1308 605 qui·

352 602 435 675 dem,
455 614 557 662 verum
567 599 661 661 multo
683 600 713 661 i‘d
721 600 857 680 gratim,
878 598 1030 681 multoque
1047 599 1183 661 lethali'us
1200 602 1306 664 vulnus

240 732 248 742 .
349 681 406 756 est,
424 680 506 762 quod
526 679 625 753 abiis,
647 676 700 761 qui
716 691 872 759 perpetuo,
892 698 934 753 ac,
954 698 1017 762 quae
1029 670 1153 818 pessima
1162 680 1240 756 lunt,
1260 676 1308 744 d'o·

351 781 414 821 cere
436 760 512 821 nihil
532 774 692 834 verentur,
722 759 790 820 huic
820 755 950 820 facultati
979 778 1028 819 cru
1048 757 1130 820 eliter
1150 758 1308 841 infligitur.

352 842 435 901 Nam
465 859 545 900 cum·
559 837 703 900 Civitates
732 838 939 899 humaniorum
978 837 1136 899 studiorum
1167 840 1308 921 magistris

374 918 465 980 rorsus
487 938 581 981 carere
602 938 661 979 non
683 918 813 999 pollint,
841 937 889 979 cos
919 938 954 978 ex
983 938 1082 978 eorum
1112 938 1233 979 numero
1255 919 1308 980 suis

351 940 429 1060 ludis
451 997 629 1077 praeficiunt,
652 998 702 1079 qui
725 997 892 1079 plerumque
908 998 939 1057 in
960 997 995 1057 iis
1012 996 1127 1077 pessime
1143 998 1308 1069 versantur3

349 1091 476 1159 quorum
497 1078 549 1160 qui
578 1097 645 1138 cum
676 1078 842 1153 Auclores,
870 1097 943 1158 quos
973 1077 1003 1137 in
1034 1076 1138 1137 scholis
1158 1076 1308 1139 soediffimc

352 1158 607 1235 interpretantur,
638 1173 702 1220 tum
723 1157 811 1218 etiam
832 1175 920 1237 quam
951 1157 1030 1219 viam
1052 1156 1083 1217 in
1104 1154 1232 1222 docendo
1253 1158 1310 1218 ine·

350 1235 473 1319 ptillrmi
496 1230 668 1318 sequantur,
690 1236 777 1318 pudet
796 1236 911 1297 referre.
933 1235 979 1297 Ex
1000 1254 1060 1317 quo
1076 1251 1160 1297 tanta
1175 1238 1309 1319 eloquen⁶

351 1318 399 1378 riae
420 1315 571 1380 calamitas
592 1317 737 1391 injicitur,
760 1332 858 1378 tantus
879 1316 1014 1401 morbus,
1037 1331 1171 1390 tantum,
1194 1334 1309 1399 tamque

332 1381 342 1423 s
352 1394 473 1478 praesens
494 1410 639 1459 venenum
661 1396 691 1456 in
714 1413 811 1458 totum
832 1395 890 1465 ejus
919 1415 1020 1476 corpus
1050 1389 1249 1471 diflunditur,
1280 1412 1310 1457 ut

351 1477 478 1537 sexcenti
498 1476 651 1538 Cicerones
672 1496 736 1537 eam
766 1476 802 1535 ad
834 1475 1065 1537 incolumitatem
1087 1476 1232 1537 restituere
1254 1496 1310 1537 non

352 1554 482 1637 possent.
504 1558 577 1629 Quae
598 1556 717 1637 quidem
738 1555 853 1636 publica
873 1554 956 1635 pellis
977 1555 1065 1637 usque
1085 1575 1119 1616 eo
1140 1554 1311 1635 jampridem

353 1648 491 1709 emanat,
513 1652 546 1697 ut
565 1636 695 1716 privatas
715 1637 806 1696 etiam
825 1634 898 1696 ades
921 1634 970 1696 sua
988 1635 1163 1716 contagione
1180 1632 1243 1713 fede
1264 1650 1310 1697 co-

351 1715 514 1794 inquinet,
535 1731 623 1795 atque
644 1715 806 1795 pestilenter
826 1713 959 1776 inliciat.
980 1716 1056 1791 Quis
1077 1714 1155 1775 enim
1176 1714 1264 1776 hodie
1283 1736 1315 1776 a«

376 1794 413 1853 ud
455 1795 586 1856 rimarios
613 1794 702 1855 Cives
729 1814 830 1855 eorum
854 1794 957 1855 liberos
979 1795 1088 1868 docet,
1118 1793 1170 1854 nili
1187 1793 1239 1876 qui
1261 1808 1311 1856 aut

352 1814 527 1952 iegulejus,
547 1890 597 1935 aut
621 1873 754 1935 Medicus
774 1872 886 1934 futums
903 1873 955 1934 fit?
976 1873 1089 1949 Quibus
1106 1872 1176 1955 quid
1192 1872 1310 1934 tandem

352 1972 422 2013 cum
443 1952 526 2014 bonis
547 1954 659 2028 literis,
680 1970 768 2035 atque
784 1972 850 2013 cum
873 1953 1040 2036 eloquentia
1055 1954 1105 2013 elle
1121 1950 1223 2033 poffir,
1245 1954 1311 2032 ipsi,

352 2052 480 2113 quorum
503 2053 545 2094 tes
563 2033 687 2114 agitur,
710 2031 838 2093 viderint
876 2034 985 2095 rimarii
1006 2033 1120 2094 Cives.
1192 2032 1308 2108 uidem,

352 2109 406 2193 qui
422 2132 539 2193 operam
556 2111 606 2173 dat
622 2157 631 2187 ‚
651 2128 685 2173 ut
701 2052 896 2191 Cytharceclbs
912 2110 990 2189 fiat,
1010 2111 1159 2195 quomodo
1206 2111 1311 2175 hetori·

353 2210 419 2251 cam
443 2191 517 2254 alios
542 2190 642 2255 docere
665 2191 775 2272 poffit,
805 2213 865 2253 non
889 2192 956 2256 satis
985 2193 1088 2254 video.
1109 2190 1189 2266 Quid
1213 2211 1309 2265 vero,

352 2271 434 2359 quod
448 2311 460 2346 v,
480 2272 500 2332 sr
525 2274 577 2354 qui
600 2270 663 2352 [ut
679 2272 726 2333 hic
742 2291 860 2353 quoque
882 2270 1011 2335 nostrum
1033 2269 1254 2332 incommodum
1269 2287 1311 2332 at·

354 2351 496 2433 nugam]
524 2349 715 2413 adolescentes
740 2350 815 2411 hisce
832 2350 1050 2414 humanioribus
1067 2350 1166 2413 studiis
1183 2352 1310 2412 maxime

350 2428 527 2492 delelientut
542 2452 606 2506 ,ac
622 2430 702 2492 brevi
718 2429 801 2491 iniis
817 2430 977 2510 plurimum
992 2430 1046 2491 smt
1063 2429 1250 2509 progressuri,
1266 2450 1310 2492 co·

354 2509 422 2587 pias
438 2530 473 2569 ue
488 2510 595 2571 nostras
611 2511 737 2571 maxime
751 2530 819 2571 cum
837 2510 983 2584 docendo,
1005 2526 1069 2571 tum
1086 2509 1176 2569 etiam
1193 2508 1312 2571 scriben-

354 2586 395 2648 do
411 2530 464 2649 lint
480 2589 627 2650 adaucluri
645 2633 653 2663 ,
675 2589 817 2650 continuo
834 2608 934 2649 eorum
949 2605 1079 2669 patentes
1098 2588 1136 2648 rei
1152 2590 1308 2667 augenda,

355 2685 445 2745 quam
468 2669 606 2728 orationis
623 2668 799 2747 expolienda
817 2668 911 2729 multo
926 2670 1094 2742 avidiores,
1116 2686 1164 2728 eos
1180 2666 1218 2727 ad
1240 2669 1310 2729 alias

355 2744 533 2819 facultates,
556 2745 618 2805 &a
635 2746 723 2827 paleis
742 2744 754 2825 [
771 2763 802 2806 ut
820 2745 870 2826 ipsr
887 2746 986 2808 dicunt
1001 2747 1013 2829 ]
1030 2749 1065 2809 ad
1082 2767 1171 2827 grana
1187 2747 1312 2887 compel·

358 2823 425 2885 lunt
447 2823 629 2904 colligenda?
649 2825 683 2884 In
708 2844 768 2905 quo
785 2824 846 2904 ipso
861 2843 1004 2907 quantum
1023 2828 1057 2890 de
1081 2826 1195 2887 viribus
1210 2847 1250 2888 no
1275 2827 1312 2888 ris

356 2902 494 2977 detrahi,
516 2919 633 2965 tantum
658 2904 885 2966 adversariorum
902 2906 977 2967 vires
995 2907 1130 2986 adaugeri
1155 2903 1311 2969 sentimus.

354 2984 454 3065 Atque
478 2984 561 3058 hac,
581 3002 645 3066 quae
669 2982 706 3043 ad
731 3004 805 3059 eos,
826 2985 877 3065 qui
900 2984 1029 3061 docent,
1052 2985 1193 3068 speciant.
1224 2988 1311 3048 Nunc

353 3081 426 3126 ,vero
442 3061 477 3123 de
492 3064 552 3137 iis,
573 3065 626 3145 qui
653 3062 801 3138 scribunt,
822 3085 939 3145 pergam
963 3066 1122 3129 absolvere.
1144 3066 1205 3141 Qui
1221 3066 1311 3147 igitur

356 3140 503 3205 scribendo
528 3144 555 3205 se
571 3143 663 3225 magis
687 3161 842 3218 exercent,
865 3147 1005 3207 continuo
1025 3166 1118 3236 neque
1136 3146 1158 3205 ii
1175 3145 1225 3207 sua
1262 3165 1311 3207 uo·

356 3242 414 3302 que
431 3220 626 3297 difficultate,
647 3243 736 3304 quam
753 3223 790 3285 ob
808 3245 867 3285 rem
892 3226 921 3287 id
940 3224 1027 3287 officii
1044 3226 1165 3285 mmime
1181 3167 1310 3304 praellare

355 3296 487 3379 pollint‚
508 3321 600 3362 carere
623 3303 775 3364 videntur.
798 3307 877 3364 Nam
894 3325 960 3366 cum
984 3303 1020 3365 ad
1036 3305 1108 3366 illud
1126 3303 1222 3366 otium
1239 3305 1314 3368 mul·
1333 3338 1335 3344 ·

357 3395 390 3437 ta
406 3378 460 3439 srnt
475 3380 641 3451 necellatia3
662 3403 755 3462 neque
772 3382 815 3443 illi
834 3400 932 3446 tamen
948 3403 983 3444 ex
1002 3383 1056 3445 suis
1074 3383 1185 3465 scriptis
1202 3401 1254 3447 aut
1271 3384 1314 3446 ul·

357 3457 443 3529 lam,
460 3474 512 3519 aut
528 3458 595 3520 satis
611 3461 745 3541 exiguam
764 3462 922 3523 utilitatem
939 3463 1097 3543 percipiant
1114 3507 1123 3536 ‚
1148 3479 1199 3525 aut
1215 3486 1233 3525 a
1251 3465 1312 3526 scri-

354 3534 452 3597 bendo
468 3537 578 3618 protsus
594 3540 717 3613 cellam,
733 3558 785 3602 aut
803 3562 903 3620 parum
921 3542 1041 3602 omnino
1057 3541 1183 3604 scribunt
1200 3587 1209 3617 ,
1227 3544 1314 3634 idque

358 3613 458 3704 sapius
484 3616 577 3678 secum
601 3618 719 3679 interire
743 3619 853 3682 sinunt,
874 3619 1007 3682 Sedcum
1030 3621 1074 3682 his
1092 3622 1178 3702 paulo
1196 3621 1312 3684 libertus

357 3710 447 3755 ettam
470 3714 589 3779 agatur.
611 3699 668 3757 Res
692 3698 732 3758 eis
748 3700 875 3779 undique
892 3699 1004 3760 abunde
1019 3701 1077 3777 fir,
1102 3702 1227 3762 scribant
1245 3746 1254 3774 ,
1270 3704 1314 3765 in-

268 3817 269 3820 ,
360 3792 476 3855 quam,
499 3778 570 3857 illi,
596 3776 795 3843 &commode
818 3779 908 3842 etiam
922 3778 1047 3844 scribant
1062 3802 1071 3854 3
1092 3781 1318 3845 innumerabilia

1207 3881 1275 3923 con-
