3034 4559
396 460 896 545 ‚mujuurcto
1086 465 1141 545 183

242 545 314 606 itam
331 538 473 680 aqqndam
491 540 705 621 prudentiores.
725 537 780 602 sed
796 540 1002 622 aequiorludex
1020 544 1060 606 eli
1075 544 1107 605 in
1125 547 1182 610 Μ·
1275 573 1280 580 ·

242 625 340 685 linum
396 620 557 695 itio,cuius
575 619 634 680 haec
649 619 737 686 verba
752 618 817 682 sunt
838 621 870 682 in
886 619 1003 686 fratrem
1020 624 1179 704 Demeam,

242 703 315 766 lium
332 698 497 782 gravillrme
514 699 719 764 insectantem:
1175 707 1178 712 ’

292 777 363 843 Nori
377 779 414 857 ιβ
421 776 567 861 flagitium
583 823 592 854 ,
613 778 681 854 nrihi
702 779 802 854 crede,
822 778 1054 860 adolescentulum

296 859 441 935 Scortari,
461 880 546 938 neque
556 874 650 940 potare
666 880 675 930 3
699 880 751 919 non
768 859 806 936 esi
822 903 831 935 ,
851 882 937 947 nequo
946 864 1020 939 fores

293 940 459 1019 Effia'ngm.
479 942 547 1003 ricc
557 934 587 1012 fi
599 960 688 1018 neque
701 960 772 1020 ego,
793 961 879 1019 neque
892 943 1080 1022 infecimus,

295 1022 361 1082 Non
372 1018 444 1093 fivit
456 1018 559 1099 egestas
567 1017 658 1098 facere
674 1040 737 1082 nos.
759 1020 843 1079 Nunc
858 1019 912 1083 tibi

292 1102 330 1161 Id
344 1099 427 1159 laudi
440 1099 545 1172 ducis,
566 1099 641 1176 quod
655 1116 687 1158 tu
699 1098 792 1176 fecisti
813 1101 924 1180 inopia.

295 1177 435 1257 injurium
449 1178 503 1255 cfl.
526 1178 603 1242 Nam
615 1175 644 1250 fi
654 1178 720 1257 effer
737 1221 746 1253 ,
766 1179 841 1240 unde
855 1180 888 1238 id
895 1176 999 1255 fieret,

294 1264 471 1321 ruamus.
492 1260 528 1317 Et
543 1275 575 1317 ru
589 1256 796 1328 strumarum,
811 1256 917 1336 fieffes
932 1258 1032 1335 horno,

293 1342 402 1401 Sineres
416 1358 490 1397 nunc
498 1339 590 1416 facere
606 1380 616 1413 ,
634 1338 706 1399 dum
741 1359 769 1395 er
783 1355 888 1397 aetatem
913 1339 976 1400 licet
992 1383 1001 1411 ,

293 1417 418 1493 Potius,
440 1438 523 1497 quam
539 1413 588 1476 ubi
604 1435 631 1478 te
645 1432 696 1495 exp
736 1433 816 1476 atum
836 1415 951 1496 ejecrffet
973 1420 1071 1495 forne,

292 1497 430 1561 Alieniore·
445 1513 522 1560 etate
536 1495 596 1576 poji
611 1497 715 1573 faceret
734 1514 841 1558 tamea.

242 1578 314 1642 lulto
329 1595 396 1641 mea
410 1575 553 1640 sententia
567 1574 657 1637 Mitio
673 1572 795 1649 radius,
813 1595 906 1657 quam
923 1576 1051 1653 Demea,
1068 1576 1174 1654 sentit,

242 1678 300 1744 que
316 1656 459 1718 exaratis
474 1655 587 1717 ratione
604 1676 613 1726 3
633 1674 694 1716 non
711 1654 786 1719 retae
802 1671 901 1717 tamen
918 1653 1051 1731 lecillet,
1077 1659 1097 1718 fi
1115 1658 1175 1721 hac

242 1737 334 1817 §suti
350 1735 414 1797 filio
426 1734 542 1797 dixisset
558 1780 567 1809 ,
583 1755 619 1798 ne
635 1735 723 1797 illhac
740 1735 833 1799 nimia
849 1734 931 1799 indui
952 1737 1031 1797 entia
1048 1736 1177 1800 licentio·

242 1837 265 1879 rr
280 1815 361 1879 fieret
376 1859 391 1890 ,
404 1831 436 1875 at
446 1876 448 1878 ,
459 1835 494 1875 ue
509 1814 589 1875 aetati
606 1815 685 1899 pejus
702 1812 918 1895 obsequeretur,
973 1836 1005 1877 ac
1020 1819 1115 1878 atatis
1131 1839 1176 1878 ra-

242 1916 293 1959 one
308 1895 388 1968 Julia
401 1896 433 1956 0
482 1894 524 1955 vii
542 1893 604 1957 filia
621 1894 649 1954 se
663 1891 816 1960 defendere
825 1895 992 1959 videbatur.
1010 1899 1092 1961 Nam
1104 1915 1174 1959 cum

242 1992 285 2038 rte
304 1975 366 2037 ludi
394 1974 560 2055 gladiatorii
580 1973 799 2054 spetiaremur,
827 1975 927 2037 aderat
948 1976 1036 2037 Livia
1056 1978 1176 2038 honesto

242 2056 368 2118 urinum
395 2073 499 2135 genere
516 2054 684 2114 comitata:
713 2073 773 2113 non
794 2054 883 2135 longe
902 2056 975 2115 item
1003 2055 1041 2115 ab
1062 2077 1095 2116 ca
1115 2057 1176 2136 spe·

242 2137 308 2198 abar
329 2133 408 2207 Julia
428 2134 503 2195 inter
523 2131 590 2195 suos
610 2131 802 2196 adolescentes
822 2132 986 2213 petulanter
1006 2136 1176 2199 lasciviens,

242 2241 247 2277 ι
270 2217 374 2277 harum
396 2229 549 2295 utramque
569 2229 602 2273 ut
614 2210 722 2272 oculos
742 2210 866 2284 coniecit
889 2213 1059 2292 Augustus,
1086 2230 1177 2295 atque

242 2308 245 2357 l
266 2294 434 2375 exemplam
462 2292 612 2353 ambarum
633 2291 807 2353 comitatum
827 2289 1033 2361 existimavit3
1059 2311 1175 2372 arrepto

242 2376 303 2449 ilo,
323 2375 367 2435 -in
388 2372 528 2435 codicillis
549 2369 660 2442 Juliam
680 2368 717 2431 ad
738 2368 817 2432 hunc
837 2370 960 2435 modum
979 2371 1176 2435 commonefe-

242 2474 269 2518 t.
296 2454 369 2514 Vide
388 2493 398 2527 ,
418 2449 510 2528 filia,
541 2451 612 2530 quid
633 2451 702 2507 inter
722 2465 827 2523 tonan,
846 2448 887 2509 (Ψ
906 2451 1000 2510 Livia
1019 2454 1178 2511 coritarum

242 2536 337 2615 γυναι.
360 2531 638 2602 Parentisaculeum
656 2528 739 2590 sensit
758 2526 854 2602 Julia,
870 2549 964 2610 neque
981 2530 1080 2614 inepta
1095 2532 1177 2596 caus·

264 2613 321 2675 sua
335 2610 444 2674 defuit.
465 2607 571 2673 Iisdem
593 2610 673 2673 enim
694 2609 726 2669 in
738 2607 888 2675 ¹codicillis
910 2611 940 2669 in
960 2610 1038 2673 hunc
1054 2610 1174 2675 adeum

242 2692 331 2756 udum
353 2691 505 2772 rescripsit.
527 2693 564 2751 Et
583 2688 613 2749 hi
631 2709 751 2765 mecum,
770 2703 866 2767 pater,
883 2689 963 2765 senes
976 2686 1061 2763 fient.
1091 2690 1175 2760 Reje-

242 2795 248 2836 :
269 2774 300 2834 in
323 2787 438 2833 atatem
459 2814 468 2846 ,
489 2768 567 2851 qnod
586 2767 637 2830 sibi
657 2768 734 2829 vitio
751 2788 771 2831 a
788 2785 873 2859 patre
889 2769 955 2832 dari
977 2769 1098 2833 senserat
1115 2790 1124 2841 3
1146 2770 1175 2831 le

242 2854 321 2914 ilicet
343 2871 411 2913 cum
430 2849 586 2932 aequalibus
611 2849 668 2910 suis
693 2846 823 2924 versari,
846 2865 880 2910 ut
901 2851 989 2912 Liria
1011 2871 1077 2912 curn
1101 2849 1171 2912 suis.

242 2953 272 2993 m
302 2950 372 2993 vero
391 2944 502 3013 quanta
521 2928 620 3009 regula
641 2927 675 2989 sir
695 2927 731 2989 ad
752 2928 828 2990 reste
847 2928 1054 3004 sentiendum,
1084 2947 1114 2991 at
1137 2952 1174 2991 ue

242 3009 357 3085 gendum
373 3030 408 3071 ex
428 3010 487 3080 ejus
509 3009 575 3082 rei,
595 3007 630 3068 de
649 3027 708 3088 qua
729 3022 857 3087 agatur,
876 3008 1044 3069 conditione
1064 2950 1175 3092 peripe-

242 3113 282 3167 ι,
304 3089 464 3154 videndum
484 3089 585 3149 restat,
607 3088 697 3149 Nunc
717 3105 788 3164 ergo
807 3084 959 3172 squaratim
976 3106 995 3146 a
1016 3088 1107 3161 sexu,
1127 3102 1173 3151 at·

242 3193 265 3235 re
287 3170 325 3231 ab
344 3185 428 3232 aetate
448 3167 572 3250 persona
593 3163 791 3226 conditionem
808 3164 923 3243 appello
945 3164 1173 3248 reliquamque

242 3252 342 3312 emines
369 3249 446 3312 inter
472 3248 500 3307 se
521 3245 622 3307 multis
648 3243 717 3304 aliis
740 3241 823 3304 rebus
844 3240 997 3309 differunt.
1020 3248 1123 3327 Neque
1143 3266 1173 3307 a·

242 3352 272 3392 m
301 3328 451 3402 arbitror,
481 3343 660 3407 quemquam
679 3321 804 3403 fugere,
832 3322 952 3385 honesto
981 3324 1047 3386 loco
1066 3342 1172 3387 natum

243 3414 251 3476 i
271 3455 282 3486 ,
300 3410 354 3492 qui
375 3405 582 3470 obscurissimos
603 3418 733 3484 parentes
755 3398 883 3476 referat,
904 3404 966 3475 jure
986 3406 1102 3486 optimo
1119 3426 1174 3466 an·

242 3489 331 3561 ierri;
360 3487 507 3570 publicum
531 3484 647 3565 privato
676 3482 835 3564 praestare3
862 3481 996 3545 bellicam
1018 3486 1171 3566 gloriam,

255 3572 406 3632 literarum
424 3566 516 3628 studia
533 3564 640 3625 caeteris
657 3560 766 3624 artibus
781 3559 920 3626 facillime
936 3563 1075 3644 praferri.
1094 3566 1172 3638 Quis

242 3666 344 3714 aeterea
362 3648 477 3721 nescit,
506 3644 564 3706 alio
594 3642 682 3705 modo
709 3661 777 3702 cum
798 3644 993 3725 propinquis,
1022 3644 1084 3706 alio
1101 3661 1172 3703 cum

242 3735 341 3803 cuis,
372 3728 432 3787 alio
452 3744 518 3785 cum
539 3724 666 3800 amicis,
694 3722 754 3783 alio
776 3741 843 3800 cum
872 3723 977 3805 quibus
999 3720 1172 3784 inimicitias

243 3812 335 3874 rimus
353 3852 366 3883 ,
393 3807 450 3869 elle
471 3802 633 3885 agendum?
653 3818 787 3941 utMcum
807 3802 843 3864 de
871 3804 915 3865 his
945 3815 1000 3864 aut
1018 3801 1171 3889 separatim
