3034 4559
323 449 342 505 8
492 441 1050 520 1)Ε“1ΜΙΤΔΤῙΟΝΕ

282 526 409 598 omnia,
441 524 495 585 eise
516 525 698 597 ailaturum‚
725 541 830 604 meque
851 543 907 604 pra
921 523 983 586 bac
1003 525 1097 588 animi
1117 527 1177 590 mei
1195 527 1249 604 be:

281 608 374 688 nigna
403 604 596 667 satisfadiione
623 601 713 682 nihili
740 600 968 666 adversariorum
1004 625 1136 668 meorum
1151 607 1242 670 =calu·

282 686 423 762 mniam,
445 684 548 746 multo·
560 699 630 743 vero
652 682 773 743 minoris
793 683 912 744 inanem
931 684 1146 748 accusationem
1164 705 1246 767 pror·

283 765 329 826 sus
350 766 404 828 esse
423 763 584 826 fadiurum.
613 759 662 822 En
682 762 799 844 igitur,
828 763 978 843 Alphonse
997 763 1158 846 Princeps,
1180 785 1247 848 qum

281 865 349 908 mea
370 846 403 906 fit
425 843 461 904 de
481 839 650 903 imitatione
667 840 826 916 sententia,
844 842 984 932 fimulque
1003 842 1065 914 ejus
1079 861 1245 925 precepta,

282 944 385 1006 quaa
407 941 455 982 me
477 935 625 1002 tantopere
645 922 823 1002 expetebas,
842 922 874 982 in
896 921 973 983 hiice
993 920 1084 986 tribus
1105 923 1186 984 libris
1208 923 1247 984 ti·

280 1005 312 1065 bi
331 1001 457 1063 fideliter
476 999 630 1091 perscripta
648 1019 658 1070 ;
686 1000 733 1061 cui
756 999 894 1064 universa
915 1001 936 1062 fi
958 1017 1017 1076 tu,
1046 1018 1080 1064 ut
1099 1000 1244 1074 locutioni

274 1080 374 1144 adhuc
395 1081 510 1156 fecisti,
534 1095 569 1142 at
591 1099 627 1140 ue
647 1077 718 1141 adeo
739 1079 871 1162 quotidie
889 1080 1014 1162 perbelle
1032 1079 1134 1156 faeie,
1206 1101 1245 1144 ue

279 1159 405 1222 studebis
424 1179 434 1232 3
461 1175 523 1221 non
544 1159 583 1220 du
603 1158 670 1233 ito,
699 1160 772 1241 quin
793 1158 900 1236 brevi,
927 1159 1067 1242 quicquid
1096 1160 1150 1223 tibi
1190 1161 1246 1223 eri·

279 1237 407 1302 bendum
426 1237 563 1313 accidat,
587 1238 616 1299 id
638 1238 669 1299 δι
688 1236 797 1315 facile,
825 1239 956 1302 &certa
981 1259 1050 1302 cum
1071 1242 1184 1304 ratione
1204 1238 1248 1321 fa-

279 1337 342 1382 rere
361 1316 462 1400 poisrs.
482 1317 537 1378 Sed
558 1317 617 1388 iarn
639 1317 840 1381 irritationem
858 1319 952 1400 ipsam
974 1321 1208 1402 aggrediamur„
1243 1347 1247 1354 ·

286 1439 290 1445 -
320 1397 400 1462 Cum
420 1397 512 1480 igitur
531 1396 568 1459 de
589 1398 781 1472 inritatione,
802 1399 838 1461 de
879 1419 918 1460 ua
938 1399 998 1462 hac
1018 1401 1135 1463 anobis
1156 1399 1196 1462 est
1211 1417 1245 1461 o-

280 1479 359 1542 mnis
379 1477 506 1558 suscepta
534 1475 582 1538 dis
598 1479 719 1554 utorio,
746 1479 835 1541 varia
854 1419 911 1541 dant
938 1479 1103 1543 nudorum
1131 1480 1246 1545 senten·

278 1561 348 1634 niz,
364 1557 567 1640 percommode
577 1497 638 1616 iroc
658 1556 725 1618 ioco
741 1577 789 1618 me
807 1556 899 1618 faeere
914 1558 978 1620 sum
993 1575 1072 1620 rarus
1083 1561 1130 1635 ,ιι
1146 1561 1243 1639 prius,

278 1655 371 1722 quem
392 1653 447 1718 ego
467 1634 594 1717 quidde
615 1653 648 1696 ea
669 1634 833 1710 sentirem,
853 1655 887 1696 ac
908 1639 968 1706 ejus
989 1652 1128 1716 praecepta
1148 1635 1243 1698 trade-

277 1735 312 1780 re
405 1714 532 1792 ederet,
559 1713 686 1776 aliorum
709 1714 865 1794 opiniones
893 1732 1027 1776 accurata
1044 1715 1244 1795 disputatione

279 1734 463 1872 πιειιειιπι,
485 1810 542 1869 ut,
562 1793 643 1877 quast
664 1793 754 1856 totius
778 1792 891 1854 aedificii
910 1792 1107 1856 fundamentis
1148 1795 1243 1856 ratla-

278 1875 442 1952 fejenis,
474 1874 585 1956 reliqua
613 1871 738 1937 instituti
767 1872 1048 1952 operis-substrutrio
1069 1815 1182 1937 faciiius
1205 1873 1242 1938 ad

274 1953 429 2046 festigium
450 1952 533 2016 suurn
554 1952 770 2035 perduceretur.
797 1954 876 2014 Dua·
889 1952 956 2014 sunt
973 1953 1068 2033 igitur
1089 1956 1243 2034 opiniones

275 2035 321 2098 de·
345 2034 538 2109 imitatione,
565 2033 641 2094 inter
661 2033 689 2094 se
718 2054 779 2094 non
801 2031 905 2094 leviter
924 2031 1118 2096 differrtientes
1141 2055 1150 2105 ;
1181 2054 1242 2098 una

277 2134 407 2188 eorum,
436 2114 488 2196 qui
509 2115 541 2174 irr
562 2113 612 2173 sua
632 2129 748 2174 tantum
771 2127 900 2186 natura,
928 2131 1143 2195 quamcumque
1161 2114 1243 2176 naui

277 2193 357 2268 ιιιιῑ,
380 2193 524 2255 imitanda
543 2190 664 2254 mirifice
685 2191 740 2254 sese
759 2191 930 2266 obteneat,
951 2191 1149 2267 extrinsecus,
1179 2213 1242 2276 quo

277 2273 414 2338 meliores
436 2272 533 2348 fiant,
554 2272 631 2333 nihii
650 2288 808 2353 quarentes
829 2272 952 2333 omnino
968 2272 1096 2343 'raitera
1113 2293 1243 2350 eorum,

272 2354 332 2436 qui
352 2369 454 2415 contra
482 2351 518 2413 ad
540 2352 658 2414 alterius
679 2352 750 2413 ,ima
771 2352 850 2413 inem
877 2351 905 2413 se
925 2367 1004 2414 totos
1023 2350 1238 2428 conformare,

272 2449 367 2524 atque
387 2431 549 2514 confingere
569 2431 682 2512 prorsus
702 2373 858 2503 studeant3
877 2449 968 2513 quam
988 2451 1077 2494 unam
1100 2432 1240 2495 imitandi

278 2526 423 2574 tattonem
444 2513 487 2572 ita
508 2510 690 2590 suspiciunt,
718 2511 819 2601 itaque
838 2511 1043 2585 admirantur,
1072 2513 1159 2576 utin
1177 2532 1240 2594 quo

272 2607 365 2674 'opere
385 2590 519 2672 cujusque
541 2590 651 2670 generis
674 2590 782 2668 optimu
804 2589 940 2652 Audioris
960 2589 1108 2670 impressa,
1124 2593 1156 2653 in
1169 2593 1240 2674 qui-

271 2669 334 2734 ·bus
363 2686 430 2752 apte
459 2668 564 2750 poffint
592 2668 765 2744 consrssere,
795 2668 917 2749 vestigia
943 2689 1020 2741 non.
1036 2672 1240 2752 agnoverint,

269 2767 461 2842 quamquam
489 2747 519 2809 id
540 2747 599 2809 tale
629 2748 687 2822 stt,
717 2763 750 2808 ut
778 2767 814 2808 ex
835 2749 942 2810 catenis
962 2752 1140 2813 ornamentis
1160 2750 1239 2812 nihii

273 2845 307 2891 et
327 2830 363 2890 ad
390 2847 508 2890 omnem
535 2827 823 2888 commendationem
851 2827 920 2888 desrt
941 2873 950 2904 ‚
970 2830 1045 2890 nihii
1065 2830 1240 2893 defideretur

273 2909 431 2990 amplius3
461 2907 534 2968 iliud
557 2907 584 2968 se
613 2923 713 2968 tamen
732 2907 808 2987 poiie
829 2908 977 2971 cumulate
1003 2909 1120 2970 laudare
1138 2929 1238 2991 perne·

275 3005 365 3071 gent.
394 2989 500 3070 Neque
520 2987 599 3048 enirn
629 3007 685 3067 ego
705 3007 883 3069 quemquam
902 2989 959 3050 effe
981 2987 1127 3063 arbitror,
1155 2990 1236 3069 qui,

277 3086 436 3142 comtes,
459 3083 546 3150 atque
566 3083 639 3128 artes
661 3065 718 3127 fere
739 3087 837 3128 onmes
859 3084 994 3130 naturam
1015 3069 1117 3130 ducem
1139 3066 1236 3149 sequi,

274 3164 365 3230 atque
387 3147 498 3209 imitari
520 3146 688 3227 magistram
709 3147 834 3222 videat,
861 3149 898 3209 -src
919 3169 937 3210 a
958 3167 1053 3208 rerum
1074 3148 1237 3224 omnium,

272 3246 365 3366 atque
386 3228 493 3288 artium
513 3227 672 3301 instituto,
691 3244 722 3288 at
745 3248 780 3288 ue
796 3226 998 3289 consuetudine
1015 3225 1184 3301 abhorreat,
1201 3244 1236 3291 ut

274 3307 392 3369 nulum
415 3307 482 3368 huic
502 3303 634 3367 fatuitati
655 3308 687 3368 in
708 3328 736 3367 re
777 3328 790 3370 s
811 3306 929 3388 agendis
951 3305 1059 3379 usum,
1081 3323 1236 3386 perquam

271 3401 441 3450 ceterarum
462 3405 557 3446 rerum
581 3386 645 3447 usus
668 3388 796 3448 maxime
810 3384 1029 3464 comprobatur,
1050 3381 1238 3448 attribuero.

273 3465 393 3530 mnino.
410 3465 495 3540 Quid
515 3466 618 3540 enirn,
641 3467 759 3550 quaeso,
789 3464 868 3526 aliud
895 3463 935 3524 est
955 3479 1018 3526 tota
1037 3464 1101 3544 agri
1120 3464 1235 3530 colendi

262 3563 371 3620 ἀπα,
399 3560 430 3606 at
450 3566 487 3607 ue
506 3545 660 3621 studium,
688 3566 778 3628 qnam
805 3560 915 3604 natura
935 3543 946 3604 i
968 3542 1021 3604 stus
1050 3563 1111 3605 non
1133 3544 1234 3607 adum·

272 3623 384 3700 brata,
406 3564 506 3687 sedeur
527 3625 599 3687 tesia.
613 3627 744 3708 quadarn
766 3621 914 3685 imitatio?
946 3563 1005 3683 illa
1022 3641 1158 3706 agrotum
1185 3625 1235 3694 stc,¹

272 3705 395 3780 citatem
414 3643 533 3767 Coeledi
553 3708 674 3767 humore
695 3703 793 3774 rollit;
816 3702 948 3763 homines
970 3721 1059 3778 vero,
1073 3703 1153 3787 quod
1169 3705 1235 3783 post

271 3781 370 3872 sunt,
391 3785 421 3848 id
441 3785 536 3868 ipstun
555 3783 774 3868 irrigationibus
793 3779 902 3866 efficere
922 3799 1080 3854 conantur.
1101 3785 1169 3924 Qluo
1189 3782 1235 3857 so,

317 3897 323 3906 ·
666 3905 669 3914 ·
728 3897 730 3902 ·
1137 3878 1189 3927 Um
