<?xml version="1.0" encoding="UTF-8"?>
<!DOCTYPE html PUBLIC "-//W3C//DTD XHTML 1.0 Transitional//EN"
    "http://www.w3.org/TR/xhtml1/DTD/xhtml1-transitional.dtd">
<html xmlns="http://www.w3.org/1999/xhtml" xml:lang="en" lang="en">
 <head>
  <title>
</title>
<meta http-equiv="Content-Type" content="text/html;charset=utf-8" />
  <meta name='ocr-system' content='tesseract 3.04.00' />
  <meta name='ocr-capabilities' content='ocr_page ocr_carea ocr_par ocr_line ocrx_word'/>
</head>
<body>
  <div class='ocr_page' id='page_1' title='image "./operumtomusprim01riccgoog/operumtomusprim01riccgoog_0027.png"; bbox 0 0 3034 4559; ppageno 0'>
   <div class='ocr_carea' id='block_1_1' title="bbox 219 366 1201 3377">
    <p class='ocr_par' dir='ltr' id='par_1_1' title="bbox 231 366 1199 984">
     <span class='ocr_line' id='line_1_1' title="bbox 495 366 1158 438; baseline 0 -10"><span class='ocrx_word' id='word_1_1' title='bbox 495 366 828 428; x_wconf 77' lang='lat' dir='ltr'><strong><em>-LIBER</em></strong></span> <span class='ocrx_word' id='word_1_2' title='bbox 886 369 908 428; x_wconf 84' lang='lat'>1.</span> <span class='ocrx_word' id='word_1_3' title='bbox 1117 388 1158 438; x_wconf 68' lang='grc' dir='ltr'><em>η</em></span> 
     </span>
     <span class='ocr_line' id='line_1_2' title="bbox 236 444 1199 530; baseline 0.005 -21"><span class='ocrx_word' id='word_1_4' title='bbox 236 446 344 510; x_wconf 77' lang='lat' dir='ltr'>stimo.</span> <span class='ocrx_word' id='word_1_5' title='bbox 377 447 424 509; x_wconf 84' lang='lat' dir='ltr'>Ita</span> <span class='ocrx_word' id='word_1_6' title='bbox 444 446 524 508; x_wconf 87' lang='lat' dir='ltr'>enim</span> <span class='ocrx_word' id='word_1_7' title='bbox 544 444 622 522; x_wconf 80' lang='lat' dir='ltr'>fiet,</span> <span class='ocrx_word' id='word_1_8' title='bbox 650 464 683 508; x_wconf 92' lang='lat' dir='ltr'>ut</span> <span class='ocrx_word' id='word_1_9' title='bbox 701 466 793 530; x_wconf 87' lang='lat' dir='ltr'>neque</span> <span class='ocrx_word' id='word_1_10' title='bbox 816 464 924 510; x_wconf 76' lang='lat' dir='ltr'>natura</span> <span class='ocrx_word' id='word_1_11' title='bbox 941 446 1131 525; x_wconf 78' lang='lat' dir='ltr'>adversetur3</span> <span class='ocrx_word' id='word_1_12' title='bbox 1159 450 1199 521; x_wconf 73' lang='lat' dir='ltr'>dt</span> 
     </span>
     <span class='ocr_line' id='line_1_3' title="bbox 235 524 1197 609; baseline 0.006 -20"><span class='ocrx_word' id='word_1_13' title='bbox 235 529 346 603; x_wconf 80' lang='lat' dir='ltr'>aliena,</span> <span class='ocrx_word' id='word_1_14' title='bbox 365 546 430 609; x_wconf 85' lang='lat' dir='ltr'>quae</span> <span class='ocrx_word' id='word_1_15' title='bbox 450 543 502 588; x_wconf 91' lang='lat' dir='ltr'>aut</span> <span class='ocrx_word' id='word_1_16' title='bbox 524 524 574 586; x_wconf 91' lang='lat' dir='ltr'>sibi</span> <span class='ocrx_word' id='word_1_17' title='bbox 596 543 681 587; x_wconf 86' lang='lat' dir='ltr'>erunt</span> <span class='ocrx_word' id='word_1_18' title='bbox 702 525 869 603; x_wconf 82' lang='lat' dir='ltr'>necessaria,</span> <span class='ocrx_word' id='word_1_19' title='bbox 888 544 941 589; x_wconf 84' lang='lat' dir='ltr'>aut</span> <span class='ocrx_word' id='word_1_20' title='bbox 958 527 1014 591; x_wconf 88' lang='lat' dir='ltr'>suis</span> <span class='ocrx_word' id='word_1_21' title='bbox 1032 532 1120 593; x_wconf 88' lang='lat' dir='ltr'>etiam</span> <span class='ocrx_word' id='word_1_22' title='bbox 1131 554 1197 596; x_wconf 67' lang='lat' dir='ltr'>mea</span> 
     </span>
     <span class='ocr_line' id='line_1_4' title="bbox 236 605 1195 686; baseline 0.013 -20"><span class='ocrx_word' id='word_1_23' title='bbox 236 609 307 669; x_wconf 87' lang='lat' dir='ltr'>liora</span> <span class='ocrx_word' id='word_1_24' title='bbox 324 651 334 681; x_wconf 93' lang='lat'>,</span> <span class='ocrx_word' id='word_1_25' title='bbox 365 605 488 667; x_wconf 90' lang='lat' dir='ltr'>minime</span> <span class='ocrx_word' id='word_1_26' title='bbox 503 620 685 667; x_wconf 76' lang='lat' dir='ltr'>contemnere</span> <span class='ocrx_word' id='word_1_27' title='bbox 702 606 834 669; x_wconf 88' lang='lat' dir='ltr'>videatur</span> <span class='ocrx_word' id='word_1_28' title='bbox 849 648 857 665; x_wconf 85' lang='lat'><strong>.</strong></span> <span class='ocrx_word' id='word_1_29' title='bbox 877 611 950 686; x_wconf 82' lang='lat' dir='ltr'>Quae</span> <span class='ocrx_word' id='word_1_30' title='bbox 965 630 1031 671; x_wconf 89' lang='lat' dir='ltr'>mea</span> <span class='ocrx_word' id='word_1_31' title='bbox 1051 610 1195 678; x_wconf 79' lang='lat' dir='ltr'>sententia</span> 
     </span>
     <span class='ocr_line' id='line_1_5' title="bbox 233 685 1195 779; baseline 0.007 -32"><span class='ocrx_word' id='word_1_32' title='bbox 233 706 296 748; x_wconf 91' lang='lat' dir='ltr'>cum</span> <span class='ocrx_word' id='word_1_33' title='bbox 314 686 439 749; x_wconf 81' lang='lat' dir='ltr'>Horatii</span> <span class='ocrx_word' id='word_1_34' title='bbox 459 685 599 747; x_wconf 86' lang='lat' dir='ltr'>sententia</span> <span class='ocrx_word' id='word_1_35' title='bbox 615 686 742 747; x_wconf 84' lang='lat' dir='ltr'>maxime</span> <span class='ocrx_word' id='word_1_36' title='bbox 762 686 933 764; x_wconf 84' lang='lat' dir='ltr'>consentit,</span> <span class='ocrx_word' id='word_1_37' title='bbox 959 690 1011 779; x_wconf 90' lang='lat' dir='ltr'>qui</span> <span class='ocrx_word' id='word_1_38' title='bbox 1031 689 1068 753; x_wconf 87' lang='lat' dir='ltr'>sic</span> <span class='ocrx_word' id='word_1_39' title='bbox 1087 690 1118 753; x_wconf 76' lang='grc' dir='ltr'>δι</span> <span class='ocrx_word' id='word_1_40' title='bbox 1138 713 1195 754; x_wconf 85' lang='lat' dir='ltr'>na-</span> 
     </span>
     <span class='ocr_line' id='line_1_6' title="bbox 235 765 1196 853; baseline 0.006 -25"><span class='ocrx_word' id='word_1_41' title='bbox 235 781 348 841; x_wconf 83' lang='lat' dir='ltr'>turam,</span> <span class='ocrx_word' id='word_1_42' title='bbox 370 766 512 827; x_wconf 88' lang='lat' dir='ltr'>&amp;artem</span> <span class='ocrx_word' id='word_1_43' title='bbox 530 765 561 825; x_wconf 91' lang='lat' dir='ltr'>in</span> <span class='ocrx_word' id='word_1_44' title='bbox 583 765 743 846; x_wconf 82' lang='lat' dir='ltr'>pangendis</span> <span class='ocrx_word' id='word_1_45' title='bbox 764 767 888 829; x_wconf 89' lang='lat' dir='ltr'>versibus</span> <span class='ocrx_word' id='word_1_46' title='bbox 908 770 1077 853; x_wconf 74' lang='lat' dir='ltr'>coniungit,</span> <span class='ocrx_word' id='word_1_47' title='bbox 1099 786 1133 831; x_wconf 92' lang='lat' dir='ltr'>ut</span> <span class='ocrx_word' id='word_1_48' title='bbox 1150 770 1196 834; x_wconf 81' lang='lat' dir='ltr'>al·</span> 
     </span>
     <span class='ocr_line' id='line_1_7' title="bbox 231 844 1189 984; baseline 0.007 -77"><span class='ocrx_word' id='word_1_49' title='bbox 231 846 317 911; x_wconf 82' lang='lat' dir='ltr'>terius</span> <span class='ocrx_word' id='word_1_50' title='bbox 339 844 461 906; x_wconf 89' lang='lat' dir='ltr'>alteram</span> <span class='ocrx_word' id='word_1_51' title='bbox 483 864 539 925; x_wconf 80' lang='lat' dir='ltr'>ope</span> <span class='ocrx_word' id='word_1_52' title='bbox 560 844 688 984; x_wconf 49' lang='lat' dir='ltr'>indfiere</span> <span class='ocrx_word' id='word_1_53' title='bbox 708 844 872 926; x_wconf 75' lang='lat' dir='ltr'>planissime</span> <span class='ocrx_word' id='word_1_54' title='bbox 892 847 1028 926; x_wconf 86' lang='lat' dir='ltr'>testetur,</span> <span class='ocrx_word' id='word_1_55' title='bbox 1049 850 1189 914; x_wconf 79' lang='lat' dir='ltr'>cumaitt</span> 
     </span>
    </p>

    <p class='ocr_par' dir='ltr' id='par_1_2' title="bbox 310 920 1195 1004">
     <span class='ocr_line' id='line_1_8' title="bbox 310 920 1195 1004; baseline 0.003 -19"><span class='ocrx_word' id='word_1_56' title='bbox 310 927 424 985; x_wconf 81' lang='lat' dir='ltr'>Natura</span> <span class='ocrx_word' id='word_1_57' title='bbox 437 920 516 998; x_wconf 76' lang='lat' dir='ltr'>fieret</span> <span class='ocrx_word' id='word_1_58' title='bbox 537 924 609 985; x_wconf 85' lang='lat' dir='ltr'>laud</span> <span class='ocrx_word' id='word_1_59' title='bbox 642 924 680 984; x_wconf 81' lang='lat' dir='ltr'>ile</span> <span class='ocrx_word' id='word_1_60' title='bbox 700 948 824 1001; x_wconf 83' lang='lat' dir='ltr'>carmen,</span> <span class='ocrx_word' id='word_1_61' title='bbox 843 948 880 986; x_wconf 81' lang='lat' dir='ltr'>an</span> <span class='ocrx_word' id='word_1_62' title='bbox 895 946 970 1004; x_wconf 80' lang='lat' dir='ltr'>arto,</span> <span class='ocrx_word' id='word_1_63' title='bbox 1192 974 1195 978; x_wconf 77' lang='lat'>·</span> 
     </span>
    </p>

    <p class='ocr_par' dir='ltr' id='par_1_3' title="bbox 307 1001 1193 1145">
     <span class='ocr_line' id='line_1_9' title="bbox 307 1001 1193 1145; baseline 0.009 -83"><span class='ocrx_word' id='word_1_64' title='bbox 307 1001 466 1145; x_wconf 43' lang='lat' dir='ltr'>&amp;restrum</span> <span class='ocrx_word' id='word_1_65' title='bbox 481 1003 533 1081; x_wconf 73' lang='lat' dir='ltr'>ess.</span> <span class='ocrx_word' id='word_1_66' title='bbox 554 1006 613 1085; x_wconf 76' lang='lat' dir='ltr'>Ego</span> <span class='ocrx_word' id='word_1_67' title='bbox 628 1025 676 1064; x_wconf 86' lang='lat' dir='ltr'>nec</span> <span class='ocrx_word' id='word_1_68' title='bbox 686 1005 813 1081; x_wconf 78' lang='lat' dir='ltr'>studium</span> <span class='ocrx_word' id='word_1_69' title='bbox 827 1004 886 1080; x_wconf 82' lang='lat' dir='ltr'>stne</span> <span class='ocrx_word' id='word_1_70' title='bbox 901 1008 995 1069; x_wconf 82' lang='lat' dir='ltr'>divite</span> <span class='ocrx_word' id='word_1_71' title='bbox 1010 1030 1103 1085; x_wconf 81' lang='lat' dir='ltr'>vena,</span> <span class='ocrx_word' id='word_1_72' title='bbox 1190 1040 1193 1045; x_wconf 95' lang='lat'>·</span> 
     </span>
    </p>

    <p class='ocr_par' dir='ltr' id='par_1_4' title="bbox 340 1082 1093 1167">
     <span class='ocr_line' id='line_1_10' title="bbox 340 1082 1093 1167; baseline 0.008 -24"><span class='ocrx_word' id='word_1_73' title='bbox 340 1104 376 1163; x_wconf 35' lang='lat' dir='ltr'>ee!</span> <span class='ocrx_word' id='word_1_74' title='bbox 385 1086 452 1145; x_wconf 83' lang='lat' dir='ltr'>rude</span> <span class='ocrx_word' id='word_1_75' title='bbox 486 1083 540 1143; x_wconf 83' lang='lat' dir='ltr'>uid</span> <span class='ocrx_word' id='word_1_76' title='bbox 549 1082 634 1165; x_wconf 76' lang='lat' dir='ltr'>preſse</span> <span class='ocrx_word' id='word_1_77' title='bbox 650 1085 732 1145; x_wconf 83' lang='lat' dir='ltr'>video</span> <span class='ocrx_word' id='word_1_78' title='bbox 748 1085 904 1167; x_wconf 81' lang='lat' dir='ltr'>ingenium:</span> <span class='ocrx_word' id='word_1_79' title='bbox 926 1087 1040 1149; x_wconf 75' lang='lat' dir='ltr'>asterius</span> <span class='ocrx_word' id='word_1_80' title='bbox 1051 1087 1093 1163; x_wconf 81' lang='lat' dir='ltr'>ste</span> 
     </span>
    </p>

    <p class='ocr_par' dir='ltr' id='par_1_5' title="bbox 226 1108 1201 2194">
     <span class='ocr_line' id='line_1_11' title="bbox 306 1108 989 1244; baseline 0.007 -21"><span class='ocrx_word' id='word_1_81' title='bbox 306 1163 408 1224; x_wconf 80' lang='lat' dir='ltr'>Altera</span> <span class='ocrx_word' id='word_1_82' title='bbox 419 1108 508 1244; x_wconf 69' lang='lat' dir='ltr'>polilt</span> <span class='ocrx_word' id='word_1_83' title='bbox 522 1180 597 1243; x_wconf 83' lang='lat' dir='ltr'>opem</span> <span class='ocrx_word' id='word_1_84' title='bbox 612 1186 669 1237; x_wconf 89' lang='lat' dir='ltr'>res,</span> <span class='ocrx_word' id='word_1_85' title='bbox 691 1164 730 1226; x_wconf 66' lang='grc' dir='ltr'>Φ</span> <span class='ocrx_word' id='word_1_86' title='bbox 746 1166 871 1243; x_wconf 71' lang='lat' dir='ltr'>conjurat</span> <span class='ocrx_word' id='word_1_87' title='bbox 887 1168 989 1229; x_wconf 75' lang='lat' dir='ltr'>amice.</span> 
     </span>
     <span class='ocr_line' id='line_1_12' title="bbox 232 1242 1192 1329; baseline 0.006 -24"><span class='ocrx_word' id='word_1_88' title='bbox 232 1246 406 1318; x_wconf 83' lang='lat' dir='ltr'>Naturam,</span> <span class='ocrx_word' id='word_1_89' title='bbox 426 1244 458 1306; x_wconf 78' lang='grc' dir='ltr'>δι</span> <span class='ocrx_word' id='word_1_90' title='bbox 475 1242 601 1306; x_wconf 85' lang='lat' dir='ltr'>studium</span> <span class='ocrx_word' id='word_1_91' title='bbox 618 1242 755 1305; x_wconf 84' lang='lat' dir='ltr'>defiderat</span> <span class='ocrx_word' id='word_1_92' title='bbox 770 1244 913 1307; x_wconf 87' lang='lat' dir='ltr'>Horatius</span> <span class='ocrx_word' id='word_1_93' title='bbox 933 1247 966 1307; x_wconf 91' lang='lat' dir='ltr'>in</span> <span class='ocrx_word' id='word_1_94' title='bbox 987 1246 1108 1322; x_wconf 87' lang='lat' dir='ltr'>Poetis,</span> <span class='ocrx_word' id='word_1_95' title='bbox 1137 1245 1192 1329; x_wconf 83' lang='lat' dir='ltr'>qui</span> 
     </span>
     <span class='ocr_line' id='line_1_13' title="bbox 233 1322 1191 1448; baseline 0.008 -64"><span class='ocrx_word' id='word_1_96' title='bbox 233 1324 328 1406; x_wconf 84' lang='lat' dir='ltr'>magis</span> <span class='ocrx_word' id='word_1_97' title='bbox 345 1322 452 1398; x_wconf 90' lang='lat' dir='ltr'>nasci,</span> <span class='ocrx_word' id='word_1_98' title='bbox 480 1344 570 1408; x_wconf 90' lang='lat' dir='ltr'>quam</span> <span class='ocrx_word' id='word_1_99' title='bbox 587 1322 649 1384; x_wconf 87' lang='lat' dir='ltr'>fieri</span> <span class='ocrx_word' id='word_1_100' title='bbox 665 1322 756 1385; x_wconf 90' lang='lat' dir='ltr'>solent</span> <span class='ocrx_word' id='word_1_101' title='bbox 773 1343 781 1382; x_wconf 79' lang='lat' dir='ltr'><em>z</em></span> <span class='ocrx_word' id='word_1_102' title='bbox 800 1340 913 1448; x_wconf 85' lang='lat' dir='ltr'>quanto</span> <span class='ocrx_word' id='word_1_103' title='bbox 928 1341 1026 1387; x_wconf 88' lang='lat' dir='ltr'>autem</span> <span class='ocrx_word' id='word_1_104' title='bbox 1042 1327 1138 1389; x_wconf 86' lang='lat' dir='ltr'>verius</span> <span class='ocrx_word' id='word_1_105' title='bbox 1158 1323 1191 1392; x_wconf 77' lang='lat' dir='ltr'>id</span> 
     </span>
     <span class='ocr_line' id='line_1_14' title="bbox 233 1402 1193 1484; baseline 0.005 -23"><span class='ocrx_word' id='word_1_106' title='bbox 233 1402 262 1463; x_wconf 88' lang='lat' dir='ltr'>in</span> <span class='ocrx_word' id='word_1_107' title='bbox 292 1402 391 1464; x_wconf 91' lang='lat' dir='ltr'>soluta</span> <span class='ocrx_word' id='word_1_108' title='bbox 410 1402 465 1465; x_wconf 89' lang='lat' dir='ltr'>erit</span> <span class='ocrx_word' id='word_1_109' title='bbox 484 1402 642 1466; x_wconf 87' lang='lat' dir='ltr'>tenendum</span> <span class='ocrx_word' id='word_1_110' title='bbox 658 1404 812 1465; x_wconf 89' lang='lat' dir='ltr'>oratione.</span> <span class='ocrx_word' id='word_1_111' title='bbox 846 1405 933 1478; x_wconf 90' lang='lat' dir='ltr'>Quasi</span> <span class='ocrx_word' id='word_1_112' title='bbox 950 1424 1021 1466; x_wconf 90' lang='lat' dir='ltr'>vero</span> <span class='ocrx_word' id='word_1_113' title='bbox 1037 1403 1095 1484; x_wconf 88' lang='lat' dir='ltr'>ipse</span> <span class='ocrx_word' id='word_1_114' title='bbox 1138 1424 1193 1466; x_wconf 59' lang='lat' dir='ltr'>uon</span> 
     </span>
     <span class='ocr_line' id='line_1_15' title="bbox 231 1482 1191 1566; baseline 0.002 -22"><span class='ocrx_word' id='word_1_115' title='bbox 231 1502 283 1563; x_wconf 88' lang='lat' dir='ltr'>que</span> <span class='ocrx_word' id='word_1_116' title='bbox 303 1482 427 1555; x_wconf 87' lang='lat' dir='ltr'>Cicero,</span> <span class='ocrx_word' id='word_1_117' title='bbox 448 1498 536 1566; x_wconf 90' lang='lat' dir='ltr'>atque</span> <span class='ocrx_word' id='word_1_118' title='bbox 553 1483 624 1545; x_wconf 89' lang='lat' dir='ltr'>adeo</span> <span class='ocrx_word' id='word_1_119' title='bbox 641 1482 722 1544; x_wconf 84' lang='lat' dir='ltr'>iniis</span> <span class='ocrx_word' id='word_1_120' title='bbox 739 1482 821 1563; x_wconf 84' lang='lat' dir='ltr'>ipsis,</span> <span class='ocrx_word' id='word_1_121' title='bbox 841 1503 915 1565; x_wconf 88' lang='lat' dir='ltr'>quos</span> <span class='ocrx_word' id='word_1_122' title='bbox 931 1483 989 1554; x_wconf 88' lang='lat' dir='ltr'>jam</span> <span class='ocrx_word' id='word_1_123' title='bbox 1012 1483 1047 1545; x_wconf 79' lang='lat' dir='ltr'>sa</span> <span class='ocrx_word' id='word_1_124' title='bbox 1136 1484 1191 1546; x_wconf 74' lang='lat' dir='ltr'>du-</span> 
     </span>
     <span class='ocr_line' id='line_1_16' title="bbox 230 1560 1201 1645; baseline 0.008 -23"><span class='ocrx_word' id='word_1_125' title='bbox 230 1582 286 1637; x_wconf 90' lang='lat' dir='ltr'>co,</span> <span class='ocrx_word' id='word_1_126' title='bbox 307 1582 371 1622; x_wconf 84' lang='lat' dir='ltr'>iton</span> <span class='ocrx_word' id='word_1_127' title='bbox 395 1562 472 1624; x_wconf 92' lang='lat' dir='ltr'>idem</span> <span class='ocrx_word' id='word_1_128' title='bbox 488 1563 602 1644; x_wconf 88' lang='lat' dir='ltr'>planius</span> <span class='ocrx_word' id='word_1_129' title='bbox 628 1560 769 1624; x_wconf 87' lang='lat' dir='ltr'>senserit.</span> <span class='ocrx_word' id='word_1_130' title='bbox 797 1563 947 1645; x_wconf 87' lang='lat' dir='ltr'>Siquidem</span> <span class='ocrx_word' id='word_1_131' title='bbox 973 1565 1022 1626; x_wconf 91' lang='lat' dir='ltr'>liic</span> <span class='ocrx_word' id='word_1_132' title='bbox 1094 1563 1201 1630; x_wconf 69' lang='lat' dir='ltr'>Caesa·v</span> 
     </span>
     <span class='ocr_line' id='line_1_17' title="bbox 227 1640 1190 1727; baseline 0.004 -26"><span class='ocrx_word' id='word_1_133' title='bbox 227 1662 304 1718; x_wconf 82' lang='lat' dir='ltr'>iem,</span> <span class='ocrx_word' id='word_1_134' title='bbox 325 1640 361 1701; x_wconf 75' lang='lat' dir='ltr'>G</span> <span class='ocrx_word' id='word_1_135' title='bbox 379 1640 520 1718; x_wconf 88' lang='lat' dir='ltr'>Cottam,</span> <span class='ocrx_word' id='word_1_136' title='bbox 541 1663 575 1705; x_wconf 91' lang='lat' dir='ltr'>ac</span> <span class='ocrx_word' id='word_1_137' title='bbox 590 1641 749 1705; x_wconf 87' lang='lat' dir='ltr'>Curionem</span> <span class='ocrx_word' id='word_1_138' title='bbox 767 1643 1012 1719; x_wconf 86' lang='lat' dir='ltr'>commendabat,</span> <span class='ocrx_word' id='word_1_139' title='bbox 1032 1644 1084 1727; x_wconf 91' lang='lat' dir='ltr'>qui</span> <span class='ocrx_word' id='word_1_140' title='bbox 1100 1660 1190 1707; x_wconf 83' lang='lat' dir='ltr'>natu-</span> 
     </span>
     <span class='ocr_line' id='line_1_18' title="bbox 229 1719 1187 1802; baseline 0.006 -20"><span class='ocrx_word' id='word_1_141' title='bbox 229 1741 288 1782; x_wconf 90' lang='lat' dir='ltr'>ram</span> <span class='ocrx_word' id='word_1_142' title='bbox 306 1720 389 1783; x_wconf 88' lang='lat' dir='ltr'>suam</span> <span class='ocrx_word' id='word_1_143' title='bbox 404 1719 494 1785; x_wconf 88' lang='lat' dir='ltr'>secuti</span> <span class='ocrx_word' id='word_1_144' title='bbox 510 1722 599 1785; x_wconf 82' lang='lat' dir='ltr'>essent</span> <span class='ocrx_word' id='word_1_145' title='bbox 613 1743 673 1784; x_wconf 90' lang='lat' dir='ltr'>non</span> <span class='ocrx_word' id='word_1_146' title='bbox 690 1720 839 1802; x_wconf 81' lang='lat' dir='ltr'>pessimam</span> <span class='ocrx_word' id='word_1_147' title='bbox 858 1744 866 1794; x_wconf 90' lang='lat'>;</span> <span class='ocrx_word' id='word_1_148' title='bbox 889 1724 920 1784; x_wconf 91' lang='lat' dir='ltr'>iri</span> <span class='ocrx_word' id='word_1_149' title='bbox 938 1744 974 1787; x_wconf 89' lang='lat' dir='ltr'>eo</span> <span class='ocrx_word' id='word_1_150' title='bbox 989 1743 1084 1798; x_wconf 87' lang='lat' dir='ltr'>vero,</span> <span class='ocrx_word' id='word_1_151' title='bbox 1126 1721 1187 1788; x_wconf 86' lang='lat' dir='ltr'>uod</span> 
     </span>
     <span class='ocr_line' id='line_1_19' title="bbox 226 1800 1188 1885; baseline 0.002 -24"><span class='ocrx_word' id='word_1_152' title='bbox 226 1800 340 1863; x_wconf 86' lang='lat' dir='ltr'>aliunde</span> <span class='ocrx_word' id='word_1_153' title='bbox 363 1800 473 1864; x_wconf 86' lang='lat' dir='ltr'>sumere</span> <span class='ocrx_word' id='word_1_154' title='bbox 497 1818 630 1883; x_wconf 88' lang='lat' dir='ltr'>poterant</span> <span class='ocrx_word' id='word_1_155' title='bbox 659 1802 694 1862; x_wconf 88' lang='lat' dir='ltr'>ad</span> <span class='ocrx_word' id='word_1_156' title='bbox 725 1803 888 1865; x_wconf 85' lang='lat' dir='ltr'>orationem</span> <span class='ocrx_word' id='word_1_157' title='bbox 927 1803 1008 1866; x_wconf 86' lang='lat' dir='ltr'>suam</span> <span class='ocrx_word' id='word_1_158' title='bbox 1032 1800 1107 1885; x_wconf 84' lang='lat' dir='ltr'>perse</span> <span class='ocrx_word' id='word_1_159' title='bbox 1139 1804 1188 1863; x_wconf 80' lang='lat' dir='ltr'>ius</span> 
     </span>
     <span class='ocr_line' id='line_1_20' title="bbox 227 1880 1186 1963; baseline 0.001 -22"><span class='ocrx_word' id='word_1_160' title='bbox 227 1880 447 1957; x_wconf 88' lang='lat' dir='ltr'>absolvendam,</span> <span class='ocrx_word' id='word_1_161' title='bbox 468 1902 536 1943; x_wconf 90' lang='lat' dir='ltr'>curn</span> <span class='ocrx_word' id='word_1_162' title='bbox 554 1882 751 1963; x_wconf 83' lang='lat' dir='ltr'>neglexerint,</span> <span class='ocrx_word' id='word_1_163' title='bbox 775 1902 823 1944; x_wconf 88' lang='lat' dir='ltr'>eos</span> <span class='ocrx_word' id='word_1_164' title='bbox 839 1884 914 1962; x_wconf 87' lang='lat' dir='ltr'>ipsos</span> <span class='ocrx_word' id='word_1_165' title='bbox 930 1898 996 1945; x_wconf 88' lang='lat' dir='ltr'>tum</span> <span class='ocrx_word' id='word_1_166' title='bbox 1013 1883 1133 1943; x_wconf 87' lang='lat' dir='ltr'>mininie</span> <span class='ocrx_word' id='word_1_167' title='bbox 1144 1882 1186 1942; x_wconf 63' lang='lat' dir='ltr'>le&lt;</span> 
     </span>
     <span class='ocr_line' id='line_1_21' title="bbox 228 1960 1186 2044; baseline 0.003 -23"><span class='ocrx_word' id='word_1_168' title='bbox 228 1960 302 2022; x_wconf 88' lang='lat' dir='ltr'>viter</span> <span class='ocrx_word' id='word_1_169' title='bbox 318 1960 517 2041; x_wconf 88' lang='lat' dir='ltr'>improbabat.</span> <span class='ocrx_word' id='word_1_170' title='bbox 539 1961 574 2023; x_wconf 92' lang='lat' dir='ltr'>ld</span> <span class='ocrx_word' id='word_1_171' title='bbox 610 1961 667 2023; x_wconf 93' lang='lat' dir='ltr'>uod</span> <span class='ocrx_word' id='word_1_172' title='bbox 684 1961 751 2036; x_wconf 91' lang='lat' dir='ltr'>ille,</span> <span class='ocrx_word' id='word_1_173' title='bbox 773 1962 903 2044; x_wconf 90' lang='lat' dir='ltr'>quisquis</span> <span class='ocrx_word' id='word_1_174' title='bbox 918 1962 944 2024; x_wconf 89' lang='lat' dir='ltr'>is</span> <span class='ocrx_word' id='word_1_175' title='bbox 961 1963 1017 2025; x_wconf 88' lang='lat' dir='ltr'>suit</span> <span class='ocrx_word' id='word_1_176' title='bbox 1038 1961 1051 2043; x_wconf 92' lang='lat'>[</span> <span class='ocrx_word' id='word_1_177' title='bbox 1087 1960 1186 2024; x_wconf 85' lang='lat' dir='ltr'>nando</span> 
     </span>
     <span class='ocr_line' id='line_1_22' title="bbox 226 1983 1185 2127; baseline 0 -27"><span class='ocrx_word' id='word_1_178' title='bbox 226 2038 316 2115; x_wconf 92' lang='lat' dir='ltr'>sunt,</span> <span class='ocrx_word' id='word_1_179' title='bbox 346 2041 399 2122; x_wconf 90' lang='lat' dir='ltr'>qui</span> <span class='ocrx_word' id='word_1_180' title='bbox 418 2041 577 2103; x_wconf 87' lang='lat' dir='ltr'>Horatium</span> <span class='ocrx_word' id='word_1_181' title='bbox 588 1983 673 2104; x_wconf 67' lang='lat' dir='ltr'>iuille</span> <span class='ocrx_word' id='word_1_182' title='bbox 696 2042 835 2127; x_wconf 90' lang='lat' dir='ltr'>negant]</span> <span class='ocrx_word' id='word_1_183' title='bbox 864 2043 897 2109; x_wconf 86' lang='lat' dir='ltr'>iu</span> <span class='ocrx_word' id='word_1_184' title='bbox 913 2043 1028 2110; x_wconf 85' lang='lat' dir='ltr'>Lucilio</span> <span class='ocrx_word' id='word_1_185' title='bbox 1105 2042 1185 2107; x_wconf 80' lang='lat' dir='ltr'>buno</span> 
     </span>
     <span class='ocr_line' id='line_1_23' title="bbox 228 2119 544 2194; baseline 0 -11"><span class='ocrx_word' id='word_1_186' title='bbox 228 2120 347 2184; x_wconf 85' lang='lat' dir='ltr'>modum</span> <span class='ocrx_word' id='word_1_187' title='bbox 369 2119 544 2194; x_wconf 78' lang='lat' dir='ltr'>damnabat3</span> 
     </span>
    </p>

    <p class='ocr_par' dir='ltr' id='par_1_6' title="bbox 300 2198 979 2337">
     <span class='ocr_line' id='line_1_24' title="bbox 300 2198 979 2337; baseline 0 -78"><span class='ocrx_word' id='word_1_188' title='bbox 300 2200 410 2279; x_wconf 80' lang='lat' dir='ltr'>Nempe</span> <span class='ocrx_word' id='word_1_189' title='bbox 424 2198 590 2281; x_wconf 78' lang='lat' dir='ltr'>incompossto</span> <span class='ocrx_word' id='word_1_190' title='bbox 604 2199 667 2259; x_wconf 77' lang='lat' dir='ltr'>dixi</span> <span class='ocrx_word' id='word_1_191' title='bbox 674 2200 752 2337; x_wconf 64' lang='lat' dir='ltr'>pede</span> <span class='ocrx_word' id='word_1_192' title='bbox 768 2222 869 2261; x_wconf 84' lang='lat' dir='ltr'>currere</span> <span class='ocrx_word' id='word_1_193' title='bbox 883 2200 979 2279; x_wconf 77' lang='lat' dir='ltr'>uerfhr</span> 
     </span>
    </p>

    <p class='ocr_par' dir='ltr' id='par_1_7' title="bbox 299 2278 977 2362">
     <span class='ocr_line' id='line_1_25' title="bbox 299 2278 977 2362; baseline -0.003 -23"><span class='ocrx_word' id='word_1_194' title='bbox 299 2279 416 2342; x_wconf 76' lang='lat' dir='ltr'>Lucili.</span> <span class='ocrx_word' id='word_1_195' title='bbox 437 2282 514 2362; x_wconf 70' lang='lat' dir='ltr'>Qis</span> <span class='ocrx_word' id='word_1_196' title='bbox 529 2299 588 2339; x_wconf 88' lang='lat' dir='ltr'>tam</span> <span class='ocrx_word' id='word_1_197' title='bbox 604 2280 675 2340; x_wconf 76' lang='lat' dir='ltr'>Luci</span> <span class='ocrx_word' id='word_1_198' title='bbox 687 2282 698 2339; x_wconf 87' lang='grc' dir='ltr'><em>ὶ</em></span> <span class='ocrx_word' id='word_1_199' title='bbox 708 2282 805 2356; x_wconf 85' lang='lat' dir='ltr'>fautor</span> <span class='ocrx_word' id='word_1_200' title='bbox 819 2283 908 2359; x_wconf 77' lang='lat' dir='ltr'>inepte</span> <span class='ocrx_word' id='word_1_201' title='bbox 921 2278 977 2356; x_wconf 71' lang='lat' dir='ltr'>ess,</span> 
     </span>
    </p>

    <p class='ocr_par' dir='ltr' id='par_1_8' title="bbox 254 2355 1070 2439">
     <span class='ocr_line' id='line_1_26' title="bbox 254 2355 1070 2439; baseline -0.002 -20"><span class='ocrx_word' id='word_1_202' title='bbox 254 2390 261 2396; x_wconf 93' lang='lat'><em>·</em></span> <span class='ocrx_word' id='word_1_203' title='bbox 299 2362 340 2419; x_wconf 88' lang='lat' dir='ltr'>Ut</span> <span class='ocrx_word' id='word_1_204' title='bbox 356 2382 409 2419; x_wconf 86' lang='lat' dir='ltr'>non</span> <span class='ocrx_word' id='word_1_205' title='bbox 425 2358 474 2421; x_wconf 85' lang='lat' dir='ltr'>hoc</span> <span class='ocrx_word' id='word_1_206' title='bbox 485 2356 631 2437; x_wconf 73' lang='lat' dir='ltr'>firmatur?</span> <span class='ocrx_word' id='word_1_207' title='bbox 651 2362 693 2418; x_wconf 84' lang='lat' dir='ltr'>At</span> <span class='ocrx_word' id='word_1_208' title='bbox 708 2358 800 2433; x_wconf 85' lang='lat' dir='ltr'>idem,</span> <span class='ocrx_word' id='word_1_209' title='bbox 813 2358 896 2439; x_wconf 80' lang='lat' dir='ltr'>¹quod</span> <span class='ocrx_word' id='word_1_210' title='bbox 904 2357 968 2435; x_wconf 71' lang='lat' dir='ltr'>stile</span> <span class='ocrx_word' id='word_1_211' title='bbox 982 2355 1070 2419; x_wconf 80' lang='lat' dir='ltr'>musto</span> 
     </span>
    </p>

    <p class='ocr_par' dir='ltr' id='par_1_9' title="bbox 219 2435 1189 3377">
     <span class='ocr_line' id='line_1_27' title="bbox 300 2435 944 2517; baseline 0.002 -18"><span class='ocrx_word' id='word_1_212' title='bbox 300 2436 400 2499; x_wconf 85' lang='lat' dir='ltr'>Urbem</span> <span class='ocrx_word' id='word_1_213' title='bbox 414 2439 559 2517; x_wconf 62' lang='lat' dir='ltr'>defricuit,</span> <span class='ocrx_word' id='word_1_214' title='bbox 579 2435 673 2500; x_wconf 86' lang='lat' dir='ltr'>charta</span> <span class='ocrx_word' id='word_1_215' title='bbox 688 2438 823 2498; x_wconf 85' lang='lat' dir='ltr'>laudatur</span> <span class='ocrx_word' id='word_1_216' title='bbox 835 2437 944 2500; x_wconf 83' lang='lat' dir='ltr'>eadem.</span> 
     </span>
     <span class='ocr_line' id='line_1_28' title="bbox 228 2514 1185 2608; baseline -0.003 -27"><span class='ocrx_word' id='word_1_217' title='bbox 228 2516 340 2581; x_wconf 84' lang='lat' dir='ltr'>Laudat</span> <span class='ocrx_word' id='word_1_218' title='bbox 361 2518 412 2580; x_wconf 91' lang='lat' dir='ltr'>ille</span> <span class='ocrx_word' id='word_1_219' title='bbox 431 2519 540 2581; x_wconf 90' lang='lat' dir='ltr'>Lucilii</span> <span class='ocrx_word' id='word_1_220' title='bbox 560 2517 649 2593; x_wconf 86' lang='lat' dir='ltr'>sales,</span> <span class='ocrx_word' id='word_1_221' title='bbox 669 2538 729 2580; x_wconf 89' lang='lat' dir='ltr'>non</span> <span class='ocrx_word' id='word_1_222' title='bbox 751 2519 795 2579; x_wconf 87' lang='lat' dir='ltr'>ita</span> <span class='ocrx_word' id='word_1_223' title='bbox 815 2517 912 2579; x_wconf 88' lang='lat' dir='ltr'>versus</span> <span class='ocrx_word' id='word_1_224' title='bbox 929 2514 1185 2608; x_wconf 68' lang='lat' dir='ltr'>compofitionema</span> 
     </span>
     <span class='ocr_line' id='line_1_29' title="bbox 227 2593 1189 2677; baseline -0.005 -18"><span class='ocrx_word' id='word_1_225' title='bbox 227 2599 264 2660; x_wconf 84' lang='lat' dir='ltr'>At</span> <span class='ocrx_word' id='word_1_226' title='bbox 284 2598 317 2659; x_wconf 93' lang='lat' dir='ltr'>id</span> <span class='ocrx_word' id='word_1_227' title='bbox 338 2598 399 2669; x_wconf 87' lang='lat' dir='ltr'>eius</span> <span class='ocrx_word' id='word_1_228' title='bbox 419 2599 499 2663; x_wconf 85' lang='lat' dir='ltr'>atati</span> <span class='ocrx_word' id='word_1_229' title='bbox 520 2599 722 2661; x_wconf 88' lang='lat' dir='ltr'>condonetur.</span> <span class='ocrx_word' id='word_1_230' title='bbox 743 2599 791 2659; x_wconf 88' lang='lat' dir='ltr'>Sic</span> <span class='ocrx_word' id='word_1_231' title='bbox 811 2619 889 2659; x_wconf 86' lang='lat' dir='ltr'>enim</span> <span class='ocrx_word' id='word_1_232' title='bbox 910 2614 974 2660; x_wconf 91' lang='lat' dir='ltr'>tum</span> <span class='ocrx_word' id='word_1_233' title='bbox 995 2593 1189 2677; x_wconf 79' lang='lat' dir='ltr'>incomposite</span> 
     </span>
     <span class='ocr_line' id='line_1_30' title="bbox 226 2670 1188 2759; baseline -0.002 -22"><span class='ocrx_word' id='word_1_234' title='bbox 226 2676 400 2751; x_wconf 87' lang='lat' dir='ltr'>scribebant,</span> <span class='ocrx_word' id='word_1_235' title='bbox 422 2696 511 2759; x_wconf 90' lang='lat' dir='ltr'>atque</span> <span class='ocrx_word' id='word_1_236' title='bbox 530 2678 703 2740; x_wconf 88' lang='lat' dir='ltr'>incondite.</span> <span class='ocrx_word' id='word_1_237' title='bbox 723 2678 851 2740; x_wconf 89' lang='lat' dir='ltr'>Ovidius</span> <span class='ocrx_word' id='word_1_238' title='bbox 872 2695 976 2740; x_wconf 89' lang='lat' dir='ltr'>natura</span> <span class='ocrx_word' id='word_1_239' title='bbox 996 2676 1093 2739; x_wconf 86' lang='lat' dir='ltr'>versus</span> <span class='ocrx_word' id='word_1_240' title='bbox 1114 2670 1188 2735; x_wconf 85' lang='lat' dir='ltr'>effu·</span> 
     </span>
     <span class='ocr_line' id='line_1_31' title="bbox 227 2754 1188 2849; baseline -0.006 -29"><span class='ocrx_word' id='word_1_241' title='bbox 227 2756 290 2820; x_wconf 80' lang='lat' dir='ltr'>disse</span> <span class='ocrx_word' id='word_1_242' title='bbox 311 2755 403 2820; x_wconf 86' lang='lat' dir='ltr'>fertur</span> <span class='ocrx_word' id='word_1_243' title='bbox 422 2756 577 2823; x_wconf 85' lang='lat' dir='ltr'>sacilliine:</span> <span class='ocrx_word' id='word_1_244' title='bbox 596 2758 628 2819; x_wconf 90' lang='lat' dir='ltr'>id</span> <span class='ocrx_word' id='word_1_245' title='bbox 647 2758 727 2841; x_wconf 93' lang='lat' dir='ltr'>quod</span> <span class='ocrx_word' id='word_1_246' title='bbox 748 2759 808 2838; x_wconf 86' lang='lat' dir='ltr'>ipse</span> <span class='ocrx_word' id='word_1_247' title='bbox 828 2778 944 2849; x_wconf 92' lang='lat' dir='ltr'>qiioque</span> <span class='ocrx_word' id='word_1_248' title='bbox 965 2756 1083 2819; x_wconf 86' lang='lat' dir='ltr'>tellatus</span> <span class='ocrx_word' id='word_1_249' title='bbox 1099 2754 1139 2816; x_wconf 88' lang='lat' dir='ltr'>ell</span> <span class='ocrx_word' id='word_1_250' title='bbox 1154 2772 1188 2813; x_wconf 81' lang='lat' dir='ltr'>a·</span> 
     </span>
     <span class='ocr_line' id='line_1_32' title="bbox 224 2834 1184 2921; baseline -0.004 -23"><span class='ocrx_word' id='word_1_251' title='bbox 224 2834 387 2918; x_wconf 82' lang='lat' dir='ltr'>liquando.</span> <span class='ocrx_word' id='word_1_252' title='bbox 407 2837 466 2899; x_wconf 89' lang='lat' dir='ltr'>Hic</span> <span class='ocrx_word' id='word_1_253' title='bbox 489 2836 510 2897; x_wconf 92' lang='lat' dir='ltr'>si</span> <span class='ocrx_word' id='word_1_254' title='bbox 530 2858 579 2898; x_wconf 87' lang='lat' dir='ltr'>eos</span> <span class='ocrx_word' id='word_1_255' title='bbox 600 2836 637 2897; x_wconf 88' lang='lat' dir='ltr'>ad</span> <span class='ocrx_word' id='word_1_256' title='bbox 657 2836 776 2921; x_wconf 90' lang='lat' dir='ltr'>aliquod</span> <span class='ocrx_word' id='word_1_257' title='bbox 799 2837 992 2919; x_wconf 78' lang='lat' dir='ltr'>diligentioris</span> <span class='ocrx_word' id='word_1_258' title='bbox 1012 2836 1107 2910; x_wconf 87' lang='lat' dir='ltr'>artis,</span> <span class='ocrx_word' id='word_1_259' title='bbox 1129 2847 1184 2894; x_wconf 81' lang='lat' dir='ltr'>aut</span> 
     </span>
     <span class='ocr_line' id='line_1_33' title="bbox 224 2914 1184 2997; baseline -0.006 -19"><span class='ocrx_word' id='word_1_260' title='bbox 224 2916 385 2978; x_wconf 74' lang='lat' dir='ltr'>attentioris</span> <span class='ocrx_word' id='word_1_261' title='bbox 409 2933 517 2979; x_wconf 87' lang='lat' dir='ltr'>naturae</span> <span class='ocrx_word' id='word_1_262' title='bbox 538 2917 670 2978; x_wconf 87' lang='lat' dir='ltr'>studium·</span> <span class='ocrx_word' id='word_1_263' title='bbox 685 2918 854 2997; x_wconf 82' lang='lat' dir='ltr'>scripsisset,</span> <span class='ocrx_word' id='word_1_264' title='bbox 884 2937 917 2978; x_wconf 88' lang='lat' dir='ltr'>ac</span> <span class='ocrx_word' id='word_1_265' title='bbox 936 2915 987 2977; x_wconf 91' lang='lat' dir='ltr'>sibi</span> <span class='ocrx_word' id='word_1_266' title='bbox 1008 2917 1040 2976; x_wconf 92' lang='lat' dir='ltr'>in</span> <span class='ocrx_word' id='word_1_267' title='bbox 1061 2914 1111 2975; x_wconf 88' lang='lat' dir='ltr'>sua</span> <span class='ocrx_word' id='word_1_268' title='bbox 1130 2930 1184 2972; x_wconf 89' lang='lat' dir='ltr'>na·</span> 
     </span>
     <span class='ocr_line' id='line_1_34' title="bbox 224 2990 1183 3071; baseline -0.003 -14"><span class='ocrx_word' id='word_1_269' title='bbox 224 3009 284 3058; x_wconf 85' lang='lat' dir='ltr'>tura</span> <span class='ocrx_word' id='word_1_270' title='bbox 306 3012 423 3059; x_wconf 82' lang='lat' dir='ltr'>tautum</span> <span class='ocrx_word' id='word_1_271' title='bbox 444 3017 506 3059; x_wconf 92' lang='lat' dir='ltr'>non</span> <span class='ocrx_word' id='word_1_272' title='bbox 523 2996 588 3059; x_wconf 88' lang='lat' dir='ltr'>esset</span> <span class='ocrx_word' id='word_1_273' title='bbox 603 2997 771 3071; x_wconf 89' lang='lat' dir='ltr'>obsecutus,</span> <span class='ocrx_word' id='word_1_274' title='bbox 793 3013 868 3058; x_wconf 89' lang='lat' dir='ltr'>certe</span> <span class='ocrx_word' id='word_1_275' title='bbox 884 2996 948 3057; x_wconf 88' lang='lat' dir='ltr'>suos</span> <span class='ocrx_word' id='word_1_276' title='bbox 969 3012 1080 3055; x_wconf 87' lang='lat' dir='ltr'>amores</span> <span class='ocrx_word' id='word_1_277' title='bbox 1096 2990 1183 3054; x_wconf 85' lang='lat' dir='ltr'>versu</span> 
     </span>
     <span class='ocr_line' id='line_1_35' title="bbox 224 3071 1185 3166; baseline -0.008 -27"><span class='ocrx_word' id='word_1_278' title='bbox 224 3074 400 3157; x_wconf 75' lang='lat' dir='ltr'>elegantiore</span> <span class='ocrx_word' id='word_1_279' title='bbox 420 3075 573 3158; x_wconf 86' lang='lat' dir='ltr'>persequi,</span> <span class='ocrx_word' id='word_1_280' title='bbox 602 3077 652 3137; x_wconf 90' lang='lat' dir='ltr'>sua</span> <span class='ocrx_word' id='word_1_281' title='bbox 672 3094 770 3138; x_wconf 89' lang='lat' dir='ltr'>autem</span> <span class='ocrx_word' id='word_1_282' title='bbox 790 3091 923 3166; x_wconf 89' lang='lat' dir='ltr'>tempora</span> <span class='ocrx_word' id='word_1_283' title='bbox 943 3084 1001 3137; x_wconf 85' lang='lat' dir='ltr'>no&#39;n</span> <span class='ocrx_word' id='word_1_284' title='bbox 1023 3090 1086 3134; x_wconf 89' lang='lat' dir='ltr'>tam</span> <span class='ocrx_word' id='word_1_285' title='bbox 1106 3071 1185 3132; x_wconf 59' lang='lat' dir='ltr'>mol*</span> 
     </span>
     <span class='ocr_line' id='line_1_36' title="bbox 222 3152 1183 3237; baseline 0.004 -25"><span class='ocrx_word' id='word_1_286' title='bbox 222 3152 301 3230; x_wconf 89' lang='lat' dir='ltr'>liter,</span> <span class='ocrx_word' id='word_1_287' title='bbox 324 3171 446 3237; x_wconf 88' lang='lat' dir='ltr'>tamque</span> <span class='ocrx_word' id='word_1_288' title='bbox 459 3153 638 3218; x_wconf 83' lang='lat' dir='ltr'>effoeminate</span> <span class='ocrx_word' id='word_1_289' title='bbox 654 3155 758 3219; x_wconf 86' lang='lat' dir='ltr'>deflere</span> <span class='ocrx_word' id='word_1_290' title='bbox 773 3156 924 3237; x_wconf 80' lang='lat' dir='ltr'>potuisset.</span> <span class='ocrx_word' id='word_1_291' title='bbox 946 3154 1065 3218; x_wconf 77' lang='lat' dir='ltr'>Reslius</span> <span class='ocrx_word' id='word_1_292' title='bbox 1081 3168 1183 3216; x_wconf 83' lang='lat' dir='ltr'>aurem</span> 
     </span>
     <span class='ocr_line' id='line_1_37' title="bbox 219 3228 1183 3377; baseline 0.004 -85"><span class='ocrx_word' id='word_1_293' title='bbox 219 3228 248 3293; x_wconf 74' lang='lat' dir='ltr'>P.</span> <span class='ocrx_word' id='word_1_294' title='bbox 276 3234 448 3317; x_wconf 80' lang='lat' dir='ltr'>sulpitius,</span> <span class='ocrx_word' id='word_1_295' title='bbox 476 3234 512 3297; x_wconf 89' lang='lat' dir='ltr'>de</span> <span class='ocrx_word' id='word_1_296' title='bbox 538 3255 601 3377; x_wconf 76' lang='lat' dir='ltr'>quo</span> <span class='ocrx_word' id='word_1_297' title='bbox 629 3235 718 3316; x_wconf 92' lang='lat' dir='ltr'>paulo</span> <span class='ocrx_word' id='word_1_298' title='bbox 748 3252 816 3298; x_wconf 90' lang='lat' dir='ltr'>ante</span> <span class='ocrx_word' id='word_1_299' title='bbox 837 3237 921 3317; x_wconf 86' lang='lat' dir='ltr'>supra</span> <span class='ocrx_word' id='word_1_300' title='bbox 941 3234 1097 3309; x_wconf 88' lang='lat' dir='ltr'>dicebam,</span> <span class='ocrx_word' id='word_1_301' title='bbox 1128 3231 1183 3314; x_wconf 85' lang='lat' dir='ltr'>qui</span> 
     </span>
    </p>
   </div>
   <div class='ocr_carea' id='block_1_2' title="bbox 224 3314 1291 3405">
    <p class='ocr_par' dir='ltr' id='par_1_10' title="bbox 224 3314 1291 3405">
     <span class='ocr_line' id='line_1_38' title="bbox 224 3314 1291 3405; baseline -0.005 -29"><span class='ocrx_word' id='word_1_302' title='bbox 224 3331 285 3376; x_wconf 83' lang='lat' dir='ltr'>suni</span> <span class='ocrx_word' id='word_1_303' title='bbox 306 3331 414 3379; x_wconf 89' lang='lat' dir='ltr'>natura</span> <span class='ocrx_word' id='word_1_304' title='bbox 433 3314 494 3405; x_wconf 85' lang='lat' dir='ltr'>ipsa</span> <span class='ocrx_word' id='word_1_305' title='bbox 521 3335 539 3375; x_wconf 90' lang='lat' dir='ltr'>a</span> <span class='ocrx_word' id='word_1_306' title='bbox 580 3314 802 3397; x_wconf 78' lang='lat' dir='ltr'>magnificum,</span> <span class='ocrx_word' id='word_1_307' title='bbox 832 3334 920 3398; x_wconf 84' lang='lat' dir='ltr'>atque</span> <span class='ocrx_word' id='word_1_308' title='bbox 947 3316 1116 3397; x_wconf 82' lang='lat' dir='ltr'>praeclarum</span> <span class='ocrx_word' id='word_1_309' title='bbox 1135 3314 1183 3374; x_wconf 79' lang='lat' dir='ltr'>di·</span> <span class='ocrx_word' id='word_1_310' title='bbox 1288 3398 1291 3404; x_wconf 85' lang='lat'><em>.</em></span> 
     </span>
    </p>
   </div>
   <div class='ocr_carea' id='block_1_3' title="bbox 221 3392 1190 3880">
    <p class='ocr_par' dir='ltr' id='par_1_11' title="bbox 221 3392 1190 3880">
     <span class='ocr_line' id='line_1_39' title="bbox 221 3392 1181 3471; baseline 0.001 -18"><span class='ocrx_word' id='word_1_311' title='bbox 221 3392 298 3459; x_wconf 85' lang='lat' dir='ltr'>tendi</span> <span class='ocrx_word' id='word_1_312' title='bbox 342 3414 415 3457; x_wconf 84' lang='lat' dir='ltr'>enus</span> <span class='ocrx_word' id='word_1_313' title='bbox 434 3394 679 3470; x_wconf 80' lang='lat' dir='ltr'>instrusluseslet,</span> <span class='ocrx_word' id='word_1_314' title='bbox 698 3395 800 3457; x_wconf 87' lang='lat' dir='ltr'>videns</span> <span class='ocrx_word' id='word_1_315' title='bbox 822 3412 920 3458; x_wconf 86' lang='lat' dir='ltr'>rameii</span> <span class='ocrx_word' id='word_1_316' title='bbox 934 3398 1022 3471; x_wconf 87' lang='lat' dir='ltr'>,seeo</span> <span class='ocrx_word' id='word_1_317' title='bbox 1043 3395 1106 3458; x_wconf 93' lang='lat' dir='ltr'>solo</span> <span class='ocrx_word' id='word_1_318' title='bbox 1125 3414 1181 3455; x_wconf 81' lang='lat' dir='ltr'>na·</span> 
     </span>
     <span class='ocr_line' id='line_1_40' title="bbox 225 3472 1182 3555; baseline -0.002 -22"><span class='ocrx_word' id='word_1_319' title='bbox 225 3484 290 3534; x_wconf 81' lang='lat' dir='ltr'>turae</span> <span class='ocrx_word' id='word_1_320' title='bbox 324 3482 376 3537; x_wconf 60' lang='lat' dir='ltr'>uael</span> <span class='ocrx_word' id='word_1_321' title='bbox 389 3472 466 3536; x_wconf 91' lang='lat' dir='ltr'>bono</span> <span class='ocrx_word' id='word_1_322' title='bbox 486 3476 634 3555; x_wconf 77' lang='lat' dir='ltr'>pervenire</span> <span class='ocrx_word' id='word_1_323' title='bbox 654 3495 715 3537; x_wconf 86' lang='lat' dir='ltr'>non</span> <span class='ocrx_word' id='word_1_324' title='bbox 737 3475 828 3555; x_wconf 84' lang='lat' dir='ltr'>posse,</span> <span class='ocrx_word' id='word_1_325' title='bbox 852 3477 880 3537; x_wconf 91' lang='lat' dir='ltr'>se</span> <span class='ocrx_word' id='word_1_326' title='bbox 902 3478 938 3538; x_wconf 90' lang='lat' dir='ltr'>ad</span> <span class='ocrx_word' id='word_1_327' title='bbox 960 3476 1092 3538; x_wconf 89' lang='lat' dir='ltr'>Crassum</span> <span class='ocrx_word' id='word_1_328' title='bbox 1113 3492 1182 3534; x_wconf 70' lang='lat' dir='ltr'>con-⁵</span> 
     </span>
     <span class='ocr_line' id='line_1_41' title="bbox 225 3548 1190 3645; baseline 0.003 -35"><span class='ocrx_word' id='word_1_329' title='bbox 225 3550 313 3627; x_wconf 87' lang='lat' dir='ltr'>tulit,</span> <span class='ocrx_word' id='word_1_330' title='bbox 330 3574 350 3614; x_wconf 88' lang='lat' dir='ltr'>a</span> <span class='ocrx_word' id='word_1_331' title='bbox 368 3574 429 3637; x_wconf 88' lang='lat' dir='ltr'>quo</span> <span class='ocrx_word' id='word_1_332' title='bbox 449 3556 534 3616; x_wconf 88' lang='lat' dir='ltr'>unius</span> <span class='ocrx_word' id='word_1_333' title='bbox 554 3554 624 3617; x_wconf 85' lang='lat' dir='ltr'>anni</span> <span class='ocrx_word' id='word_1_334' title='bbox 645 3554 770 3645; x_wconf 85' lang='lat' dir='ltr'>spatium</span> <span class='ocrx_word' id='word_1_335' title='bbox 780 3555 940 3636; x_wconf 89' lang='lat' dir='ltr'>plurimum</span> <span class='ocrx_word' id='word_1_336' title='bbox 962 3552 1120 3627; x_wconf 88' lang='lat' dir='ltr'>adjumenti</span> <span class='ocrx_word' id='word_1_337' title='bbox 1140 3548 1190 3615; x_wconf 75' lang='lat' dir='ltr'>ad,</span> 
     </span>
     <span class='ocr_line' id='line_1_42' title="bbox 226 3632 1180 3716; baseline -0.007 -21"><span class='ocrx_word' id='word_1_338' title='bbox 226 3632 384 3716; x_wconf 67' lang='lat' dir='ltr'>uaturalein</span> <span class='ocrx_word' id='word_1_339' title='bbox 404 3633 487 3695; x_wconf 90' lang='lat' dir='ltr'>illam</span> <span class='ocrx_word' id='word_1_340' title='bbox 501 3633 616 3695; x_wconf 87' lang='lat' dir='ltr'>dicendi</span> <span class='ocrx_word' id='word_1_341' title='bbox 637 3634 815 3714; x_wconf 89' lang='lat' dir='ltr'>dignitatem</span> <span class='ocrx_word' id='word_1_342' title='bbox 836 3636 958 3698; x_wconf 87' lang='lat' dir='ltr'>attulisse</span> <span class='ocrx_word' id='word_1_343' title='bbox 980 3636 1113 3695; x_wconf 85' lang='lat' dir='ltr'>rellatum</span> <span class='ocrx_word' id='word_1_344' title='bbox 1135 3648 1180 3689; x_wconf 87' lang='lat' dir='ltr'>re-</span> 
     </span>
     <span class='ocr_line' id='line_1_43' title="bbox 225 3705 1182 3856; baseline -0.001 -83"><span class='ocrx_word' id='word_1_345' title='bbox 225 3705 306 3802; x_wconf 81' lang='lat' dir='ltr'>liquit</span> <span class='ocrx_word' id='word_1_346' title='bbox 334 3710 460 3777; x_wconf 80' lang='lat' dir='ltr'>Cicero.</span> <span class='ocrx_word' id='word_1_347' title='bbox 490 3713 566 3793; x_wconf 21' lang='lat' dir='ltr'>sane,</span> <span class='ocrx_word' id='word_1_348' title='bbox 591 3731 662 3778; x_wconf 79' lang='lat' dir='ltr'>sero</span> <span class='ocrx_word' id='word_1_349' title='bbox 691 3733 758 3778; x_wconf 88' lang='lat' dir='ltr'>cum</span> <span class='ocrx_word' id='word_1_350' title='bbox 788 3715 824 3856; x_wconf 55' lang='lat' dir='ltr'>iq</span> <span class='ocrx_word' id='word_1_351' title='bbox 851 3714 986 3776; x_wconf 83' lang='lat' dir='ltr'>omnibus</span> <span class='ocrx_word' id='word_1_352' title='bbox 1006 3707 1182 3801; x_wconf 60' lang='lat' dir='ltr'>hominibus?</span> 
     </span>
     <span class='ocr_line' id='line_1_44' title="bbox 642 3810 1139 3880; baseline -0.002 -26"><span class='ocrx_word' id='word_1_353' title='bbox 642 3854 646 3862; x_wconf 81' lang='grc'><strong>,</strong></span> <span class='ocrx_word' id='word_1_354' title='bbox 716 3834 734 3880; x_wconf 49' lang='lat'><strong>3</strong></span> <span class='ocrx_word' id='word_1_355' title='bbox 864 3814 880 3875; x_wconf 72' lang='grc' dir='ltr'><strong>ς</strong></span> <span class='ocrx_word' id='word_1_356' title='bbox 1084 3810 1139 3854; x_wconf 78' lang='lat' dir='ltr'>uin</span> 
     </span>
    </p>
   </div>
   <div class='ocr_carea' id='block_1_4' title="bbox 0 0 1522 4559">
    <p class='ocr_par' dir='ltr' id='par_1_12' title="bbox 0 0 1522 4559">
     <span class='ocr_line' id='line_1_45' title="bbox 0 0 1522 4559; baseline 0 9"><span class='ocrx_word' id='word_1_357' title='bbox 0 0 1522 4559; x_wconf 95' lang='lat' dir='ltr'> </span> 
     </span>
    </p>
   </div>
  </div>
 </body>
</html>
