3034 4559
490 452 898 534 DEJUDICIO.
1077 468 1135 513 aot

222 552 284 597 ecce
306 548 414 595 turus.
443 532 497 595 Sed
518 549 585 596 cum
607 536 661 595 hoc
684 532 761 594 nihil
781 532 866 594 nobis
887 529 1075 603 adversetu13
1101 527 1176 592 illud

213 616 270 695 .qui
291 612 419 681 emejus
441 612 526 693 iplius
549 612 696 675 Ciceronis
717 610 817 672 nostra
837 611 982 672 sententia
1003 610 1176 691 magiscon·

221 694 319 753 venire
341 712 401 752 non
422 693 534 772 poller,·'
548 712 614 754 cum
636 712 688 773 pro
708 690 810 753 eodem
831 691 940 752 Archia
961 691 1082 771 inquit:
1113 709 1176 749 cum

221 773 256 832 ad
277 788 407 833 naturam
426 772 580 846 eximiam,
607 791 689 850 atque
708 770 839 847 illustrem
859 770 992 849 accefferit
1015 768 1083 829 ratio
1103 789 1177 847 que·

221 852 303 926 darn,
325 846 541 931 confimatioque
560 850 703 924 dodlrinae,
722 867 782 909 tum
798 850 874 910 illud
889 849 974 927 nescio
989 847 1176 928 quidpraecla·

220 952 297 1004 rum,
318 949 352 989 ac
382 931 507 1010 mgulare
525 930 633 1008 existere
646 929 742 1008 solet.
765 927 823 990 Ubi
839 929 991 1010 conjungit
1011 926 1047 989 ad
1064 923 1175 1009 aliquid

221 1008 414 1091 praclarum,
443 1028 476 1071 ac
501 1008 641 1091 fingulare
661 1007 844 1071 efficiendum
865 1026 1000 1081 naturae,
1021 1022 1107 1090 atque
1126 1004 1176 1066 do-

220 1089 319 1150 strinae
340 1090 421 1162 vim,
446 1104 479 1150 ut
496 1110 552 1170 ego
572 1091 603 1150 in
620 1108 686 1149 meo
701 1087 825 1169 perfeeto
845 1087 959 1162 Judicio
981 1085 1074 1162 facio,
1095 1082 1176 1169 quod

222 1168 256 1229 nb
277 1168 383 1230 harum
404 1184 527 1249 utraque
548 1169 673 1230 derivari
693 1169 769 1229 mihi
789 1169 957 1231 constituo.
978 1166 1036 1229 eui
1052 1186 1099 1229 me
1115 1164 1178 1228 sen·

223 1248 320 1309 tentiae
342 1248 461 1308 Horatii
481 1267 598 1330 quoque
619 1248 759 1310 sententia
781 1248 907 1323 accedit,
928 1266 993 1308 cum
1016 1246 1075 1307 ait:

286 1328 411 1387 ‘Natura
424 1325 502 1401 fieret
522 1326 665 1388 laudabile
684 1350 807 1402 cannen,
828 1351 865 1386 an
885 1344 961 1401 arte,
1121 1331 1125 1337 ’

222 1441 226 1446 -
302 1409 377 1545 &a
388 1425 458 1465 rrum
474 1408 529 1484 est.
550 1412 607 1486 Ego
623 1430 670 1468 nee
677 1408 805 1483 studium
814 1404 875 1479 fine
887 1407 981 1467 divite
997 1425 1089 1479 vena,

334 1508 363 1546 ec
382 1488 451 1545 rude
467 1488 539 1564 quid
549 1488 627 1568 pnffit
641 1488 723 1547 video
737 1487 893 1565 ingenium:
917 1485 1031 1543 alterius
1041 1481 1082 1557 fic

297 1566 398 1624 Altera
414 1564 501 1645 poscit
521 1583 594 1647 opem
615 1589 672 1641 res,
694 1568 733 1628 Θ·
755 1566 879 1645 conjurat
898 1565 998 1625 amice.
1167 1636 1168 1640 ἵ

221 1642 353 1704 Alteram
375 1645 432 1704 line
454 1646 545 1707 altera
560 1647 701 1707 Horatius
721 1646 796 1707 nihil
817 1643 953 1726 proficere
973 1640 1100 1705 dicebat.
1116 1642 1179 1718 Qui

221 1722 311 1803 igitur
332 1722 369 1785 ab
389 1724 492 1785 harum
515 1741 635 1809 utraque
655 1725 783 1788 multum
805 1723 1013 1799 adjuvabitur,
1042 1724 1067 1783 is
1086 1722 1177 1783 etiam

216 1799 251 1863 ‚in
272 1802 428 1873 judicando
449 1804 577 1867 multum
599 1806 708 1867 valebit
726 1827 735 1878 3
764 1805 816 1896 qui
836 1825 906 1866 vero
926 1803 981 1865 erit
1001 1803 1112 1883 optime
1132 1802 1189 1863 im.

220 1880 338 1943 stitutus
360 1927 369 1958 ,
399 1882 467 1946 huic
487 1884 522 1945 ad
544 1883 701 1965 perfeflum
721 1885 871 1959 Jndrcirrm
901 1884 976 1945 nihil
997 1881 1085 1945 deelle
1114 1897 1180 1962 pot·

221 1962 303 2034 ecit3
325 1978 358 2023 ut
374 1964 450 2043 apud
471 1963 580 2026 nostros
601 1965 722 2026 Andreae
738 1966 925 2057 Navagerio,
946 1962 1072 2037 Bembo‚
1093 1961 1181 2024 Sado-

221 2039 312 2115 letio,
333 2042 496 2123 Longolio,
518 2042 655 2125 vobisque
677 2043 783 2133 [liceat
800 2045 891 2119 mihi,
911 2043 991 2125 quod
1012 2042 1182 2117 verumest,

221 2119 306 2182 robis
326 2120 416 2182 etiam
439 2121 641 2203 praesentibus,
663 2122 784 2203 dicere]
814 2123 958 2196 Romule,
978 2135 1065 2202 atque
1086 2119 1183 2180 Bona-

221 2199 317 2275 mici,
346 2201 399 2283 qni
420 2223 485 2264 cum
508 2203 621 2282 optima
640 2218 745 2263 natura
771 2203 928 2265 studiorum
956 2216 1073 2281 quoque
1093 2198 1181 2259 rario-

221 2300 289 2341 nem
314 2298 374 2341 non
402 2280 577 2363 peffimam,
605 2298 695 2363 atque
715 2300 810 2342 rerum
839 2279 1037 2362 cognitionem
1057 2276 1182 2337 minime

221 2358 375 2439 vulgarem
403 2359 615 2435 conjunxistis,
642 2360 762 2423 evenisse
782 2359 918 2434 consta-t,
947 2377 1006 2418 non
1026 2370 1124 2417 autem
1146 2370 1181 2416 ut

220 2438 296 2512 illi,
324 2458 450 2519 quorum
471 2440 560 2520 paulo
580 2457 648 2502 ante
670 2438 834 2502 Flaminius
855 2437 1052 2500 meminerat.
1081 2438 1181 2513 Quare

222 2518 268 2578 illi
289 2516 347 2579 sem
385 2539 400 2579 r
421 2519 550 2594 inculti,
570 2519 703 2596 horridi,
723 2517 814 2601 asperi
832 2539 841 2592 3
867 2537 920 2581 vos
949 2536 1019 2579 vero
1040 2532 1108 2577 curn
1128 2534 1187 2577 ve*

223 2598 282 2658 llro
303 2618 343 2659 no
365 2598 480 2660 'liffimo
500 2599 669 2675 comitatu,
698 2600 778 2683 quod
797 2614 939 2660 enatura
958 2594 1112 2670 habuistis,
1135 2594 1178 2657 ita

222 2676 322 2758 postea
341 2675 452 2754 lindio,
472 2696 561 2761 atque
582 2680 634 2741 usu
654 2678 825 2755 adauxistis,
846 2694 879 2741 ut
895 2676 988 2740 vestra
1007 2674 1182 2817 script'aRo·

223 2776 344 2817 marram
364 2757 540 2838 elegantiam
563 2759 726 2837 redoleant,
747 2776 834 2843 atque
855 2758 1027 2820 Oratorium
1060 2754 1183 2837 plendo·

223 2853 287 2896 rem
311 2836 361 2897 srbi
389 2838 561 2917 praeluceant
578 2861 587 2909 3
614 2860 715 2902 eornm
736 2860 807 2903 vero
827 2838 945 2923 quidvis
965 2834 1070 2911 aliud,
1089 2852 1182 2918 quam

222 2914 317 2977 ullum
338 2933 500 2991 ornatum,
521 2935 610 2998 atque
629 2920 802 3001 dignitatem
812 2956 823 2991 ‚
843 2939 899 3000 prae
921 2918 951 2979 se
968 2915 1062 2978 ferant
1083 2915 1181 2977 omni·

223 3015 287 3056 no.
309 2996 390 3056 Nam
411 2996 490 3134 (pnod
509 2996 673 3059 Flaminius
694 3000 762 3074 air,
790 3019 824 3060 ex
844 2996 956 3059 diversa
976 2995 1130 3056 hominum
1150 3009 1189 3055 ον’

222 3072 334 3144 jusdem
356 3074 397 3135 rei
432 3075 563 3136 cotentio
582 3077 697 3166 probari
718 3078 866 3149 Iudicium
888 3076 981 3154 magis
1001 3092 1037 3133 err
1059 3089 1181 3147 natura,

220 3174 312 3235 quarn
334 3175 369 3213 ex
391 3174 484 3216 rerum
504 3154 672 3235 cognitione
687 3200 697 3230 ,
712 3155 796 3219 facile
815 3155 996 3217 occurritur,
1024 3151 1085 3226 Qui
1106 3150 1192 3221 judi-—

223 3252 291 3294 cant
314 3250 409 3295 auter
430 3234 466 3296 iis
482 3233 554 3308 esse,
575 3236 628 3317 qui
643 3251 796 3311 naturam,
818 3249 868 3295 aut
888 3234 939 3315 qui
962 3232 1184 3313 cognitionem,

225 3330 278 3373 aut
323 3314 353 3374 ui
375 3314 457 3376 sunul
475 3331 635 3396 utrumque
654 3313 788 3391 faciunt,
815 3315 868 3397 qui
888 3334 906 3373 a
926 3329 1030 3375 natura
1050 3308 1100 3372 sua
1120 3330 1183 3372 non

223 3392 283 3454 disc
321 3408 391 3468 unt,
410 3396 431 3455 fi
451 3395 528 3457 bona
549 3393 605 3469 est,
628 3394 719 3455 redle:
740 3395 792 3477 qui
813 3414 831 3455 a
851 3394 1020 3476 cognitione
1040 3388 1189 3474 pendent,
1233 3465 1235 3469 ¹

226 3472 248 3533 li
269 3492 334 3533 eam
356 3473 447 3554 probe.
464 3490 626 3555 perceptam
648 3474 779 3549 habent,
800 3474 877 3537 haud
901 3472 1050 3555 improbe:
1070 3472 1185 3554 quive·

229 3572 263 3613 ro
284 3552 364 3613 tertii
387 3554 418 3614 δι
439 3572 547 3617 natura
568 3553 747 3630 bonitatem,
766 3554 799 3617 &
818 3554 940 3617 scientiae
961 3554 1197 3615 rationemcon·-

228 3630 359 3701 jonaan
380 3632 510 3709 habent,
528 3650 617 3716 atque
638 3634 675 3695 ad
697 3656 743 3696 eas
764 3634 908 3706 Iudicium
929 3634 1013 3695 suum
1035 3632 1186 3711 dirigunt,

228 3710 250 3770 ii
271 3710 325 3772 soli
346 3712 419 3773 rede
446 3714 590 3789 sentiunt,
613 3714 780 3796 &perfecte
809 3714 938 3785 judicant
955 3734 964 3784 3
986 3727 1019 3773 ut
1035 3710 1090 3771 hac
1109 3727 1194 3790 qum·

227 3808 286 3871 que
306 3792 419 3853 ratione
440 3791 608 3874 perfeetum,
625 3810 716 3879 atque
723 3793 888 3870 absolutum
910 3792 1055 3865 Iudicium
1076 3804 1196 3929 taiper-
