3034 4559
407 445 463 520 176
625 438 876 504 nutritor„-
905 439 1064 499 utcctt

363 520 462 596 tione,
482 520 513 584 dt
533 520 819 609 seienti2,·quarum
838 516 893 612 ipfi
913 519 1065 580 minime
1098 598 1105 607 .
1141 509 1314 607 'limisit

365 600 443 676 slot,
465 618 552 684 atque
572 602 751 671 statuarius,
766 619 818 679 qut
835 597 1053 679 ihedesgtms,
1106 596 1315 676 cdefignute·

364 700 394 741 te
414 680 537 750 judicare
554 680 677 762 poterit,
694 678 835 740 nilisuam
856 677 978 759 quisque
1018 678 1076 738 rius
1093 694 1193 738 artem
1212 675 1316 757 depro-

365 758 399 822 be
418 761 569 834 didicerit,
590 759 679 820 &diu
701 760 777 820 inea
796 698 1017 845 uersuuseritl
1030 758 1136 848 Neque
1156 757 1317 898 Ἢ

365 840 458 1008 Q
468 837 734 1007 dmldtesatdduiffi
742 836 1191 1006 cffirerrnjmcflrsusmeffigputg
1197 915 1317 1005 optimis

363 997 479 1073 lludut,
499 1018 563 1079 quae
585 1013 677 1060 virtru
768 1013 898 1071 uenttae,
918 1015 982 1077 que
1002 1014 1104 1057 contra
1124 994 1260 1057 infantrae
1279 1014 1320 1056 tn·

362 1075 489 1157 dignitas
509 1075 601 1151 esset,
629 1091 722 1167 atque
764 1073 918 1137 sortiorum
948 1075 1064 1137 suorum
1085 1073 1209 1136 illustria
1227 1074 1317 1150 sasia,

360 1176 425 1238 quae
447 1177 466 1220 a
485 1175 546 1218 tam
570 1153 676 1218 infanti
696 1156 815 1217 homine
836 1155 1046 1230 scriberentur,
1066 1154 1180 1236 prorsus
1201 1153 1328 1236 indigna·

360 1236 413 1296 else
429 1280 438 1310 ,
454 1233 636 1298 cettillimatn
657 1236 856 1316 cognitionem
877 1234 1044 1309 habuisset,
1073 1254 1145 1295 num
1168 1255 1239 1296 uam
1261 1251 1320 1295 tam

360 1315 492 1404 ptaeclate
513 1316 544 1376 in
565 1318 650 1379 illum
672 1315 787 1404 egisset.
809 1314 914 1376 Exeo.
937 1315 1019 1376 enim
1039 1256 1200 1404 multiplci
1222 1313 1319 1396 cogni-

361 1410 441 1456 tione
460 1393 543 1458 facile
562 1395 728 1469 judicavit,
750 1395 883 1476 iniquum
907 1393 985 1468 esse,
1005 1393 1026 1455 fi
1044 1394 1098 1454 tlla
1117 1394 1233 1456 inculta
1248 1411 1318 1469 ,at-

359 1493 417 1556 que
438 1475 515 1538 rudis
536 1476 653 1557 scriptio
675 1477 705 1535 in
729 1474 756 1536 el
793 1473 1007 1536 antissttnorum
1035 1472 1194 1534 hominum
1215 1493 1316 1535 manus

359 1552 480 1616 exisset.
508 1555 582 1632 Quis
612 1572 748 1635 ptaetetea
794 1556 956 1616 eOtatore
975 1572 1043 1614 vere
1068 1552 1238 1628 judionbit,
1268 1552 1317 1618 nili

359 1633 438 1715 qui,
467 1653 531 1715 quae
559 1633 596 1696 ad
624 1653 692 1696 eum
724 1631 846 1713 persesle
867 1632 1101 1707 absolvendum,
1127 1633 1234 1693 omnin
1254 1648 1316 1694 ante

359 1711 515 1802 prudenter
536 1710 668 1802 noverit?
688 1733 724 1774 ex
744 1711 849 1852 'imbus
872 1712 984 1801 postea,
1004 1712 1075 1794 quid
1096 1713 1122 1772 is
1143 1712 1316 1802 indicendo

360 1790 624 1866 valeat,1udtcetl
645 1808 679 1854 ut
722 1812 752 1854 ut
793 1791 830 1852 ad
846 1791 1025 1865 exordium,
1045 1791 1083 1853 ad
1105 1808 1316 1866 narrationem,

360 1869 606 1944 addivifionem,
626 1871 657 1931 δι
727 1869 852 1952 reliquas
872 1871 1027 1933 Orationis
1047 1886 1140 1952 putes
1157 1873 1315 1952 pertineat3

358 1946 463 2030 quibus
484 1950 554 2011 item
573 1949 735 2024 doceatur,
764 1948 870 2030 quibus
890 1949 1044 2013 deleslatio
1063 1948 1230 2026 afferatur,
1258 1952 1315 2033 qui·

359 2025 412 2090 bus
433 2028 722 2170 petsundeatutpqui
743 2029 900 2092 verborum
916 2030 1059 2120 deleslus,
1080 2051 1145 2111 quae
1167 2029 1314 2094 sententia·

358 2127 425 2172 rum
445 2125 600 2189 gravitas,
620 2129 671 2190 qtu
712 2109 747 2170 fit
766 2127 905 2185 ornatus,
924 2109 996 2192 quid
1019 2129 1175 2184 numerus,
1195 2110 1269 2191 quid
1286 2108 1314 2170 fi-

357 2206 461 2330 ἔξω,
481 2187 597 2269 quando
619 2188 856 2269 amplificandum
873 2232 883 2263 ,
900 2189 1019 2331 §nando
1039 2203 1142 2250 contra
1162 2204 1314 2252 extenuan-

400 2287 446 2340 m,
469 2267 513 2332 uti
527 2268 652 2330 humilia
665 2269 807 2343 demisse,
828 2289 899 2349 gran
919 2270 948 2331 ia
963 2269 1036 2329 elate
1053 2311 1062 2342 ,
1081 2288 1146 2357 qun
1165 2269 1245 2332 inter
1260 2269 1312 2330 hec

356 2361 481 2428 utraque
496 2383 518 2423 ,·
534 2347 730 2410 medriocriter
752 2349 934 2423 trasientur,
962 2368 1021 2430 qua
1040 2348 1167 2429 dentque
1187 2348 1313 2422 ustione,

355 2447 471 2509 quaque
491 2428 653 2507 dignitate,
674 2448 734 2509 quo
755 2428 860 2490 decoro
881 2427 965 2502 haec,
986 2428 1016 2488 ἃ
1036 2428 1149 2506 reliqua
1173 2427 1268 2490 multa
1286 2449 1321 2489 a-.

376 2523 488 2580 antur,
517 2507 595 2586 prius
616 2527 675 2567 non
697 2507 849 2587 cognitum
872 2506 1017 2570 habebit?
1044 2507 1193 2578 Judicavit
1214 2507 1311 2571 Cicero

402 2583 554 2648 omnibus
582 2586 754 2651 Oratoribus
767 2585 815 2650 .in
838 2586 944 2647 Bruto.
969 2586 1029 2662 Qui
1058 2586 1087 2647 id
1113 2603 1177 2647 tam
1201 2586 1310 2669 egregie

355 2661 446 2724 facere
467 2664 615 2742 potuisset,
634 2666 686 2745 qui
709 2664 827 2743 singulis
851 2665 974 2743 singulas
996 2685 1062 2726 cum
1084 2666 1234 2741 virtutes,
1253 2685 1309 2730 tum

354 2742 430 2808 vitia
444 2756 510 2808 ,tem
532 2741 671 2820 copiose,
694 2760 753 2804 tam
777 2742 912 2811 judiciose
933 2744 1062 2816 tribuit,
1086 2744 1137 2806 nist
1162 2762 1260 2807 totam
1281 2747 1308 2807 il·

354 2819 415 2880 lam
436 2836 546 2893 artem,
567 2819 619 2880 nifi
638 2821 793 2900 multiplex
810 2822 883 2888 illud
905 2823 1017 2885 dicendi
1033 2824 1159 2886 studium
1189 2847 1252 2888 non
1274 2825 1307 2886 so-

354 2896 417 2988 lum
436 2897 628 2989 pernovisset,
650 2898 696 2960 sed
715 2900 781 2962 aliis
797 2903 885 2963 etiam
904 2902 1005 2965 multis
1021 2903 1116 2966 modis
1137 2925 1205 2979 ore,
1229 2922 1259 2967 at
1279 2924 1307 2966 ue

353 2976 464 3057 scupus
493 2978 551 3050 ejus
581 2996 728 3062 precepta
749 2980 931 3044 tradidisset?
961 2982 1042 3043 Idem
1072 2982 1107 3044 de
1136 2984 1229 3046 Poeta
1258 2926 1305 3048 dici

352 3058 461 3139 potest,
477 3057 512 3121 de
533 3079 593 3141 quo
614 3060 664 3122 ille
682 3077 797 3144 tantum
816 3060 1086 3135 iudicium‘fecerit,
1106 3063 1159 3142 qui
1176 3085 1191 3125 e
1196 3064 1240 3133 ius
1257 3065 1306 3128 vir·

352 3152 429 3202 tutes
449 3138 596 3201 calluerit.
618 3140 705 3202 Maro
725 3142 803 3219 prius
825 3161 924 3202 omnes
934 3140 1090 3220 Scriptores
1111 3143 1237 3206 Latinos
1254 3190 1263 3217 ,
1281 3142 1305 3204 st
1351 3179 1354 3217 ί

350 3218 464 3282 Gtaecos
485 3218 641 3298 diligenter
650 3219 793 3294 versavit,
815 3240 914 3282 eorum
929 3221 1212 3300 verocognitionem
1234 3222 1304 3294 -Judi-
1349 3255 1354 3302 ς

350 3297 429 3362 cium
439 3296 564 3358 secutum
574 3299 631 3371 est,
653 3320 718 3361 curn
728 3321 763 3362 ex
784 3301 936 3371 omnibus,
955 3320 1017 3380 quae
1027 3299 1057 3358 in
1068 3298 1150 3362 suum
1162 3324 1237 3383 opus
1246 3322 1303 3364 con·
1347 3322 1354 3395 q

350 3373 471 3449 serret,o
493 3376 699 3458 timadelegit3
719 3377 1194 3462 sednequemajusejusJudicium
1216 3381 1301 3445 suitiu
1344 3400 1354 3460 f,

347 3396 526 3535 deligendo,
554 3456 586 3517 iu
608 3477 667 3537 quo
688 3459 783 3521 multa
805 3459 925 3530 rejecit,
949 3456 1041 3518 multa
1062 3460 1223 3539 neglexit,
1245 3476 1299 3544 quo
1344 3498 1354 3566 f

347 3534 411 3674 pari
433 3535 545 3596 ratione
568 3537 696 3597 mutuari
718 3538 865 3618 potuisset,
885 3555 974 3616 quam
996 3536 1084 3597 etiam
1104 3557 1190 3618 epte,
1212 3541 1243 3604 δι
1258 3539 1299 3601 suo
1342 3579 1354 3620 t

360 3634 413 3675 oco
434 3614 465 3675 in
485 3613 535 3674 suo
555 3635 640 3695 opere
665 3638 698 3677 ea
718 3617 818 3678 omnia
837 3614 1009 3688 collocarit,
1032 3633 1063 3677 ut
1076 3617 1235 3694 ¹interdurn
1256 3620 1299 3680 du·
1341 3636 1354 3700 p

347 3691 436 3755 bitati
465 3692 576 3776 poffit,
608 3710 702 3757 utrum
725 3698 799 3758 unde
823 3695 933 3773 sumpta
954 3693 1043 3769 sunt,
1073 3717 1110 3756 an
1132 3700 1210 3778 apud
1232 3701 1299 3760 hunc
1340 3719 1354 3780 ,fl

348 3774 444 3852 aptius
464 3774 605 3840 collocata
624 3774 693 3838 smt.
717 3777 784 3840 Pati
806 3774 876 3837 iteut
895 3773 1006 3837 tatione
1026 3773 1062 3836 de
1077 3775 1212 3842 Historia
1233 3777 1298 3865 allit-
1339 3801 1354 3868 ,j

1195 3877 1266 3921 unu
