3034 4559
557 429 971 509 Drjumtcroe
1138 449 1196 510 191

284 507 360 589 plura
377 508 457 570 bella
479 506 621 586 confecit,
638 529 727 591 quam
749 507 801 578 alii
824 529 934 590 pugnas
952 497 1162 591 imperatores,
1177 531 1239 575 nou

282 590 376 668 potuit
403 588 435 656 δι
455 587 515 668 ipse
536 588 592 649 hoc
618 587 733 661 Judicio
752 589 912 671 aliquando
926 653 929 658 ,
942 610 1001 651 non
1021 610 1140 666 carere,
1168 612 1237 654 cum

260 676 326 748 “pro
348 667 440 730 ltalia
458 666 559 730 telleia
579 668 609 729 in
630 667 763 749 Gracia,
782 688 871 752 quam
893 670 923 730 in
944 669 1006 750 ipsa
1025 670 1128 744 ltalia,
1145 690 1235 751 quam

279 747 417 824 tenebat,
437 767 565 838 pugnare
588 748 693 810 maluit
708 770 718 819 3
734 769 775 810 ex
793 768 854 831 qua
875 745 1005 829 fugiens,
1022 748 1095 824 vel,
1117 764 1236 812 utrum

276 847 306 890 eo
327 825 486 908 modestius
507 848 621 909 agam,
641 827 778 892 decedens
798 872 808 906 ,
831 843 863 889 ut
884 828 961 890 nihil
980 828 1060 891 aliud
1081 829 1238 909 peccarit,

274 923 350 969 oette
377 905 435 972 suit
457 906 589 970 animum
618 906 789 984 adimebat,
817 907 891 970 hosti
912 925 1014 976 contra
1035 907 1162 970 maxime
1184 907 1238 972 ad·

273 986 413 1069 augebat.
444 984 489 1048 Ea
509 987 589 1050 euim
608 987 736 1050 victoria
765 987 805 1050 est
826 1006 929 1051 natura
948 1034 957 1065 ,
978 1004 1011 1051 ut
1031 1004 1176 1071 quantum
1197 987 1234 1050 de

272 1066 365 1129 altero
395 1066 566 1144 adimatur,
595 1083 709 1152 tantum
731 1068 814 1130 alteri
843 1067 952 1131 vitium
971 1068 1111 1131 addatur.
1131 1067 1177 1132 Co
1197 1067 1234 1130 iis

271 1168 331 1210 non
353 1162 418 1210 ctat
446 1144 591 1219 inferior;
619 1147 743 1210 caussam
766 1148 960 1224 honestiorem*
988 1147 1092 1210 haltere
1134 1163 1184 1211 uta

273 1242 347 1298 tur;
377 1225 496 1288 Italiam
525 1226 616 1307 ipsam
647 1227 766 1292 tenebat
780 1250 792 1302 ς
818 1249 885 1291 cum
906 1250 940 1292 eo
969 1228 1093 1309 denique
1151 1229 1183 1290 ni
1202 1229 1238 1291 ὸ·

272 1325 354 1370 mnes
371 1350 381 1382 ,
403 1322 494 1385 atque
510 1307 632 1370 Senatus
653 1307 711 1389 ipse
731 1307 948 1372 consentiebat,
964 1310 1072 1389 Neque
1084 1327 1159 1370 vero
1171 1309 1234 1369 Arr-

272 1383 353 1450 nibal
383 1386 490 1450 horum
510 1402 636 1469 utroque
662 1388 705 1449 rei
724 1388 864 1452 militaris
889 1387 1053 1468 imperitior
1078 1383 1160 1459 fuit;
1184 1386 1233 1450 hic

272 1484 391 1546 quoque
406 1466 518 1528 'tamen
539 1468 571 1528 in
591 1467 714 1530 viatoria
736 1465 935 1547 imprudenter
953 1467 1053 1540 vidit,
1080 1485 1147 1526 cum
1168 1464 1235 1547 post

272 1545 388 1606 tertiam
412 1544 533 1626 stragem
555 1545 697 1609 Romanis
718 1542 913 1616 inllidlam'in
934 1544 1098 1626 Campania
1118 1545 1238 1607 luxuria.

269 1622 652 1709 coutalurit,Romanosque
672 1625 784 1703 victos,
805 1628 931 1689 Romam
954 1647 989 1689 ue
1010 1646 1098 1706 prope
1114 1640 1233 1708 captam

273 1723 369 1794 neque
396 1704 536 1780 vincere,
564 1727 656 1788 neque
678 1726 784 1786 capere,
798 1707 913 1770 scivit.-
926 1648 1031 1788 lleque
1058 1705 1134 1766 milri
1154 1725 1236 1768 nunc

272 1781 429 1923 pursquaut
456 1783 623 1852 Romanam
649 1784 797 1848 fortunam
818 1786 964 1863 objiciat,
988 1806 1026 1848 ne
1054 1805 1070 1846 e
1127 1800 1235 1847 contra

294 1883 404 1938 tenor,
433 1880 521 1947 atque
551 1866 674 1929 aliorum
704 1866 823 1930 Ducum
847 1866 1024 1949 direptiones
1050 1865 1093 1926 il'
1124 1864 1235 1946 pariter

272 1939 424 2013 obiiciant.
453 1945 553 2007 Restat
574 1946 664 2008 tertio
689 1947 723 2009 in
742 1946 809 2010 loco
825 1992 840 2023 ,
863 1964 900 2009 ur
917 1948 975 2009 hoc
993 1964 1110 2029 quoque
1132 1963 1171 2020 err
1186 1943 1234 2008 di-

272 2021 354 2088 rersa
379 2022 483 2090 cadem
510 2025 546 2086 de
574 2046 604 2088 re
633 2026 789 2088 hominum
817 2028 960 2096 sententia
976 2022 1235 2105 comprobemus.

271 2101 351 2166 Nm
379 2102 462 2185 quod
478 2103 515 2165 de
543 2104 644 2166 eadem
666 2126 696 2167 re
715 2104 833 2170 diuersae
863 2106 917 2168 fiut
939 2105 1102 2174 hominum,
1122 2104 1232 2166 senten·

272 2181 341 2258 ria,
373 2200 425 2247 aut
445 2201 481 2246 ex
501 2184 544 2256 rei
563 2185 652 2267 ipsane
670 2186 786 2261 varia,
810 2206 845 2247 ac
867 2185 1025 2264 multiplici
1046 2181 1235 2263 significatio·

270 2280 330 2337 re,
349 2278 404 2326 eut
424 2282 461 2326 ez
479 2282 598 2340 eorum,
620 2265 674 2346 qui
692 2264 841 2339 judicant,
863 2286 925 2332 non
944 2283 1004 2326 una
1023 2277 1145 2335 natura,
1166 2260 1231 2323 sieri

270 2340 426 2412 dicendum
446 2342 486 2404 est
502 2363 514 2414 ς
533 2365 570 2406 er
589 2344 630 2406 rei
651 2364 718 2406 vero
739 2344 946 2424 fignificatione
966 2387 980 2418 ,
1002 2360 1067 2424 qua
1086 2361 1145 2402 una
1166 2356 1235 2402 tam

271 2438 333 2484 tuen
354 2421 424 2499 fir,
449 2420 605 2505 multiplex
636 2423 779 2493 judicium
806 2424 939 2493 ellenon
957 2422 1068 2511 potest.
1093 2418 1177 2501 Ergo·
1194 2439 1231 2482 ert

269 2521 373 2564 eorum
401 2518 506 2570 natura
527 2547 540 2579 ,
563 2504 617 2587 qui
636 2504 672 2565 de
695 2524 731 2564 ea
757 2502 873 2565 diversa
897 2503 1058 2576 sentiunt,
1082 2501 1178 2591 magia
1198 2515 1231 2591 ut

268 2581 433 2658 nascatur,
456 2582 613 2646 dicendum
635 2585 694 2647 est,
720 2583 897 2659 Martialis,
916 2580 1045 2663 exempli
1064 2597 1183 2662 gratia,
1205 2601 1229 2641 ι·

267 2659 333 2724 dem
356 2658 470 2746 semper
488 2663 528 2724 esi
547 2664 676 2745 scriptor
695 2680 828 2739 tumre,
858 2680 922 2726 tum
941 2664 1036 2725 etiam
1052 2660 1231 2751 scriptione,-

268 2743 329 2812 no'n
359 2739 395 2812 de
415 2762 451 2803 eo
478 2757 579 2803 tamen
600 2742 739 2807 omnibus·
766 2764 858 2806 unum
888 2742 927 2806 est
949 2741 1116 2816 Iudicium.
1136 2738 1230 2803 Multt

268 2820 348 2881 enim
370 2820 439 2884 lunt
454 2865 467 2896 ,
485 2821 589 2903 quibus
611 2825 673 2894 ejus
692 2822 792 2888 versus
831 2824 942 2896 lacem3
957 2844 1017 2886 non
1037 2821 1151 2885 forrata
1161 2841 1233 2902 pau·

266 2898 357 2961 ciores
375 2943 388 2973 ,
404 2901 458 2983 qui
477 2902 593 2966 cosdem
612 2904 697 2966 valde
720 2905 799 2985 impr
854 2920 907 2965 nt,
924 2903 1076 2965 Continuo
1098 2902 1130 2963 id
1143 2903 1229 2983 ipsius

269 2978 424 3041 Martialis
441 2980 524 3044 nulla
543 2984 636 3044 caum
656 2983 689 3046 fit
702 3028 712 3059 ,
723 2984 805 3065 quod
825 3003 899 3052 unus
916 2982 983 3056 his,-
1000 2982 1075 3043 alius
1096 2979 1229 3055 aliis‘fit,

268 3058 463 3139 quamohrem
485 3061 520 3129 dc
540 3082 576 3124 eo
595 3062 704 3125 diverse
724 3062 879 3133 indicente
897 3060 944 3132 sed
965 3060 987 3120 ii
1007 3058 1162 3122 secundum
1177 3081 1229 3120 na·

265 3152 366 3200 turam
388 3138 472 3204 suam.
489 3140 525 3204 de
544 3154 580 3203 eo
602 3139 753 3217 r'entiunt,
776 3142 831 3204 hoc
852 3139 891 3204 est
906 3182 919 3213 ,·
934 3140 989 3220 qui
1009 3183 1023 3215 ,.
1046 3137 1124 3277 rpuod
1146 3151 1234 3200 natur

265 3235 303 3278 rae
327 3217 384 3280 sure
403 3221 566 3296 convenit,
587 3221 618 3283 in
639 3221 692 3283 illo
712 3236 765 3284 aur
783 3218 965 3300 agnoscunt,
983 3232 1048 3296 aut,
1073 3216 1233 3280 esrderant,

264 3293 312 3359 Ita
334 3296 375 3359 de
392 3302 502 3364 ceteris
522 3300 676 3366 dicendum
696 3300 764 3371 este
782 3316 816 3362 ut
837 3298 964 3381 undique
985 3298 1111 3372 constet,
1127 3317 1230 3380 quem·

265 3395 325 3458 que
343 3393 478 3442 naturam
507 3380 587 3448 suam
608 3380 689 3463 sequi
708 3381 740 3441 in
760 3377 939 3454 judicando,
967 3376 1046 3463 quod
1066 3376 1146 3440 idem
1164 3376 1228 3454 est,

264 3476 298 3518 ac
319 3456 341 3518 sr
363 3458 513 3536 dicerem,
533 3479 679 3545 quemque
692 3459 832 3532 juditium·
847 3458 932 3522 suum·
952 3482 970 3522 a
986 3477 1095 3524 natura
1111 3457 1161 3520 sua
1176 3457 1228 3520 lra-

264 3534 346 3598 bere.
367 3539 446 3600 Tres'
465 3541 539 3604 item
557 3539 660 3604 Latini·
678 3583 688 3616 ,
707 3540 759 3622 qui
778 3538 891 3626 pateris
926 3531 1037 3624 rallent
1053 3581 1066 3612 ,a
1083 3537 1150 3600 sunt
1163 3536 1226 3627 ⁸I·li·

265 3616 389 3695 storici,
418 3619 517 3684 Caesar
565 3620 653 3682 mihi
680 3639 761 3683 nunc*
785 3619 875 3681 liceat·
948 3619 1040 3683 sarem
1067 3618 1099 3678 in
1128 3615 1227 3703 Hillo·

266 3702 337 3763 ritis
372 3720 525 3779 numerare
585 3701 759 3777 Sallustius,
795 3700 931 3775 Livius,
958 3699 1033 3762 nihil
1062 3714 1123 3761 tam
1149 3692 1226 3756 drffi·

266 3782 360 3862 mre,
377 3800 468 3869 quam
484 3780 515 3844 hi
547 3797 601 3846 unt
616 3782 691 3845 inter
708 3780 748 3860 se,
771 3778 961 3864 stylo,atque
975 3776 1128 3859 scriptione
1136 3772 1230 3917 ‚scq-

306 3891 308 3896 ·
1158 3873 1189 3916 at
