3034 4559
270 443 357 513 .88
475 438 1028 509 Μ’ῙΜΙΤΑΤΙΟΝΒ
1233 505 1241 519 ,

273 530 395 617 plosor,
407 543 507 610 quam
528 524 621 600 feeit,
640 525 661 586 ss
677 525 750 588 item
776 525 811 587 de
830 525 936 587 caretis
959 522 1041 587 rebus
1061 515 1208 617 scripsisset
1227 535 1240 603 ,'

271 629 355 691 oeque
364 608 394 668 in
404 606 440 668 iis
449 605 583 668 omnibus
592 604 744 666 scribendis
752 603 944 681 satisfecisset,
961 605 1089 687 atquefin
1101 607 1154 679 irs,
1166 621 1241 686 quas

276 685 501 751 luculentissimo
522 685 597 764 stylo
613 683 778 766 complexus
795 683 855 760 est,
875 685 963 765 plane
978 683 1129 748 satisfecit.
1149 686 1240 761 Qua-si

273 787 369 841 vero,
389 766 460 849 quia
474 763 591 846 Apelles
616 784 675 826 non
698 765 834 826 omniunt
859 781 955 826 rerum
971 760 1078 826 sormas
1095 764 1243 846 penicillo·

271 847 325 915 suo
341 844 375 907 fit
431 844 581 920 rsecutus,
603 844 667 906 ideo
681 845 796 921 etiam,
823 844 877 927 qui
892 843 929 905 ad
946 843 1005 913 ejus
1023 844 1185 925 imaginem
1203 866 1240 906 o·

273 927 368 1012 ptime
409 941 498 1005 ngat,
518 924 544 985 is
565 940 658 986 artem
675 924 754 986 suam
772 922 825 985 nist
840 922 877 985 ad
894 943 944 988 eas,
958 923 1082 999 formas,
1104 944 1178 1005 quas
1196 926 1240 985 A·

273 1005 364 1090 pelles
382 1004 487 1085 pinxit,
495 1004 713 1066 accommodare
725 1004 830 1084 possit.
853 1004 915 1065 Aut
931 1004 982 1086 qui
1002 1004 1033 1064 in
1049 1007 1171 1065 Oceano
1187 1023 1240 1064 na·

275 1099 338 1146 tate
354 1082 487 1145 didicerit
507 1129 517 1161 ,
545 1103 605 1145 non
629 1084 654 1145 is
673 1085 742 1144 item
767 1083 799 1144 in
816 1083 923 1145 caeteris
947 1085 1030 1165 aquis
1050 1128 1060 1158 ,
1080 1104 1148 1145 cum
1173 1084 1242 1151 usus.

273 1164 402 1237 veniat,
425 1162 455 1224 id
471 1160 555 1225 sacile
570 1160 658 1225 saciat
675 1209 683 1223 .
713 1160 761 1225 Ab
777 1163 832 1223 hoc
849 1163 941 1244 igitur
956 1184 1016 1226 uno
1041 1164 1182 1225 Cicerone
1201 1179 1237 1226 ut

274 1242 418 1325 nusquam
440 1242 634 1318 discedamus,
657 1259 690 1305 ut
706 1243 737 1304 in
754 1242 810 1304 hoc
828 1243 983 1304 haereamus
1000 1287 1010 1318 ,
1030 1258 1119 1325 atque
1138 1263 1240 1326 perpe«

276 1338 331 1385 tuo
352 1320 545 1399 habitemus,
575 1343 674 1385 meum
695 1323 734 1383 est
749 1322 899 1384 confilium
918 1369 925 1383 .
947 1324 983 1383 'Si
998 1322 1064 1406 quis
1084 1338 1183 1384 tamen
1204 1324 1236 1409 in

275 1400 407 1464 Historia
429 1419 480 1464 aut
497 1402 619 1464 Caesaris
635 1403 787 1484 puritate,
809 1418 860 1463 aut
876 1402 1000 1464 Sallustii
1017 1401 1161 1464 brevitate
1178 1422 1241 1463 ma·

297 1482 320 1542 is
336 1481 518 1556 delesfetur,
541 1482 570 1544 id
608 1502 638 1543 er
655 1502 701 1543 me
718 1482 836 1572 quidem
860 1481 940 1563 sequi
956 1481 1000 1542 illi
1015 1480 1153 1543 facillime
1170 1481 1240 1544 lice-

273 1502 334 1624 bit.
356 1562 410 1623 Sed
434 1562 571 1623 universa:
623 1563 749 1631 cutionts
769 1561 882 1622 dicendi
907 1560 1034 1622 studiosis
1055 1560 1111 1623 sese
1130 1561 1238 1642 duplex

273 1622 359 1704 olsert
380 1640 463 1715 usus,
483 1640 514 1702 ἃ
535 1640 664 1702 utilitas.
686 1641 790 1701 Altera
807 1661 841 1701 ex
864 1660 917 1716 eo,
939 1640 1017 1731 quod
1034 1661 1095 1702 non
1116 1660 1206 1702 unam
1226 1673 1243 1717 ,-

274 1737 364 1801 atque
385 1718 505 1781 eandem
527 1719 666 1801 loquendi
688 1720 831 1781 rationem
854 1718 905 1779 else
924 1719 1114 1795 dicebamus,
1136 1722 1240 1803 utqui

274 1800 436 1862 Historiam
453 1798 577 1871 scribat,
607 1799 627 1858 st
647 1798 767 1860 Caesaris
786 1799 943 1880 puritatem
963 1798 1121 1882 sequatur,
1154 1800 1237 1863 Livii

275 1878 449 1952 candorem,
471 1879 628 1938 autetiam
648 1877 776 1940 Sallustii
796 1877 970 1939 brevitatem
993 1880 1077 1959 parvi
1099 1876 1206 1941 faciens
1226 1902 1237 1952 3

274 1974 343 2033 aut,
364 1958 469 2018 caeteris
491 1957 625 2019 omnibus
648 1957 818 2038 posthabitis
839 1957 1058 2038 Scriptoribus,
1079 1960 1164 2021 unius
1185 1959 1238 2021 Ci-

274 2037 387 2098 ceronis
410 2036 465 2098 sese
488 2037 628 2099 locutioni
650 2036 810 2099 addixerit.
833 2039 936 2099 Altera
954 2060 989 2099 ex
1006 2059 1058 2114 eo,
1078 2038 1157 2120 quod
1175 2039 1237 2101 haec

273 2117 325 2179 sua
341 2117 530 2191 mutatione,
551 2115 683 2179 addendo
703 2162 713 2192 ,
733 2117 936 2193 detrahendo,
958 2139 1075 2179 ornnem
1097 2117 1239 2200 loquendi

276 2196 360 2258 usum
381 2216 446 2258 corn
468 2197 533 2257 lexa
549 2197 603 2257 est.
624 2198 668 2259 De
685 2198 826 2279 superiore
841 2197 912 2280 quid
929 2197 1068 2273 sentiam,
1090 2214 1142 2259 aut
1158 2198 1241 2267 cujus

275 2276 430 2358 scriptoris
447 2217 632 2338 locutionem
656 2279 750 2359 magis
772 2278 909 2359 probem,
934 2277 1001 2340 satis
1021 2277 1145 2339 arbitror
1166 2298 1238 2357 pau·

274 2357 307 2417 lo
327 2373 413 2432 anre,
426 2357 465 2430 ¹&
482 2356 582 2438 paffim
601 2358 704 2420 multis
722 2357 787 2419 aliis
804 2360 836 2419 in
860 2358 931 2419 locis
949 2377 1029 2420 ame
1044 2359 1096 2419 esse
1117 2356 1237 2418 demon·

273 2435 396 2498 stratum
416 2456 425 2507 3
446 2457 523 2499 nunc
539 2454 637 2498 autem
662 2438 696 2498 de
712 2438 875 2518 posterioris
892 2435 945 2498 usu
960 2482 969 2512 ,
1000 2454 1087 2520 atque
1104 2437 1236 2497 utilitate

274 2516 379 2589 restat,
401 2532 434 2579 ut
453 2516 593 2599 copiostus
614 2517 753 2578 dicatur.
775 2517 925 2592 Quoniam
946 2516 1037 2597 igitur
1057 2517 1116 2575 lraec
1140 2517 1235 2577 animi

278 2594 420 2657 indicium
437 2596 503 2669 est,
532 2611 618 2676 atque
639 2615 697 2655 una
716 2595 770 2655 hac
794 2592 971 2674 poriffimum
987 2594 1057 2673 quid
1075 2593 1201 2654 velimus
1223 2640 1233 2669 ,

276 2674 348 2753 quid
368 2693 447 2746 non,
467 2674 574 2733 caeteris
590 2674 754 2750 aperimus,
770 2689 858 2810 angue
873 2672 1038 2751 eloquimur
1054 2671 1167 2750 palam3
1185 2692 1237 2733 ne-

274 2748 342 2811 cesse
364 2750 429 2824 est,
459 2767 493 2810 ut
518 2749 689 2837 jampridem
707 2750 782 2810 nihil
828 2750 864 2810 ici
891 2748 1000 2828 poffit,
1022 2749 1099 2830 quod
1126 2749 1238 2813 millies

273 2849 334 2890 non
359 2828 393 2887 s1t
413 2826 522 2888 dissum
541 2847 645 2908 prius.
673 2830 734 2905 Qui
751 2828 842 2908 igitur
859 2828 958 2902 eadem
984 2828 1144 2889 sensarum
1168 2830 1235 2892 aliis

273 2908 331 2969 stne
351 2905 423 2975 justa
451 2906 687 2988 reprehensrone,
716 2908 790 2988 quin
815 2906 904 2969 etiam
923 2909 1017 2970 nostra
1042 2928 1108 2969 cum
1133 2910 1234 2990 aliqua

272 2987 359 3048 laude
380 2984 575 3066 proferamus,
596 2987 678 3049 locus
690 2987 837 3128 postulat,
857 3002 891 3049 ut
907 2988 1037 3069 pluribus
1057 2988 1230 3060 videamus;

271 3067 326 3140 id,
368 3066 424 3128 uod
441 3068 531 3129 etiam
547 3066 672 3148 polliciti
702 3087 788 3128 umus
808 3110 817 3143 ,
837 3088 902 3129 cum
921 3069 955 3129 de
973 3069 1141 3131 inventione
1159 3111 1168 3145 ,
1189 3085 1234 3130 ar·

296 3166 331 3207 ue
346 3086 533 3227 dispositione
554 3145 712 3228 agebatur.
741 3148 805 3209 Aut
821 3148 913 3229 igitur
935 3149 1090 3233 quaesunt
1115 3146 1151 3208 ab
1172 3149 1233 3211 alio

273 3166 379 3299 diua,
406 3225 488 3287 nobis
509 3228 552 3288 uti
573 3225 609 3287 ab
630 3247 665 3288 eo
686 3226 751 3288 sunt
773 3227 875 3302 disla,
897 3228 1007 3308 integre
1018 3243 1032 3302 ¹,
1062 3244 1114 3288 aut
1130 3227 1232 3309 aliqua

274 3303 351 3366 seua
372 3306 554 3382 mutatione,
575 3323 626 3367 aut
647 3306 794 3382 addendo,
814 3322 865 3369 aut
880 3306 1072 3381 detrahend0,
1089 3306 1232 3387 proferen-

203 3410 205 3412 >
274 3383 312 3444 da
334 3383 399 3443 sunt
419 3386 566 3447 omnino.
596 3385 642 3445 Ex
661 3387 695 3446 iis
713 3403 841 3462 autem,
892 3405 934 3447 uec
950 3388 1063 3467 integra
1079 3403 1231 3462 manent,

274 3462 342 3524 sunt
350 3461 521 3544 proverbia,
542 3463 639 3537 diua,
660 3465 825 3539 sententia,
846 3406 1044 3541 deqbnitiones,
1066 3465 1097 3526 &
1114 3466 1173 3536 ejus
1182 3487 1231 3546 ge·

272 3542 347 3604 neris
368 3557 492 3604 catera:
521 3560 554 3605 ut
571 3543 672 3625 siquis
689 3550 794 3607 merces
810 3564 846 3604 eo
868 3543 1017 3606 advexerit
1034 3588 1042 3619 ,
1073 3543 1122 3606 ubi
1139 3546 1232 3606 marri-

272 3643 324 3683 ma
345 3641 444 3683 earum
467 3643 560 3685 rerum
583 3622 615 3682 fit
637 3624 775 3698 utilitas,
804 3623 883 3685 alius
900 3644 966 3684 eum
994 3626 1049 3685 hoc
1077 3624 1232 3704 proverbio

272 3702 401 3763 llultitiae
421 3718 504 3763 noter
521 3723 528 3762 :
551 3701 671 3761 Nofluas
687 3704 833 3762 Athenas.
855 3706 940 3776 Aut,
962 3703 982 3764 fi
999 3704 1050 3786 qui
1067 3719 1152 3784 neget
1169 3724 1232 3765 nra·

272 3801 365 3865 guum
386 3782 499 3845 iurem
523 3782 612 3847 vilem
635 3781 782 3870 sumptum
804 3783 831 3845 se
852 3780 995 3848 saslurum
1024 3828 1033 3860 ,
1060 3783 1132 3849 illud
1161 3799 1232 3929 {ptr
