3034 4559
396 462 453 506 20²
614 443 870 505 BARTHOL.
907 443 1076 505 Rlccll

356 521 571 604 intelligentia,
591 542 680 604 quam
701 544 737 587 ex
756 539 866 586 naturae
886 520 964 585 bono
985 520 1165 601 perficiatur.
1184 519 1247 584 Ubi
1268 541 1319 583 ve·

356 624 392 665 ro
412 602 448 663 de
470 622 566 665 rerum
587 603 788 666 inventoribus
810 604 899 683 agit,
930 621 1003 685 quos
1023 615 1113 681 negat
1133 599 1198 662 ulla
1216 602 1317 678 cogni·

357 683 438 747 tione
458 702 557 744 earum
580 702 702 757 rerum,
730 702 795 766 quae
815 682 901 744 nullae
922 696 1029 755 erant,
1057 679 1190 749 adjuvari
1212 680 1287 759 polle
1306 699 1316 744 3

356 762 530 843 respondeo,
552 762 662 852 semper
671 783 706 823 ex
727 764 894 825 imitatione
916 759 1028 853 aliqmd
1047 758 1316 839 aninndvertipol·

356 842 402 913 se;
426 842 525 924 utqui
545 842 726 919 lanificium,
745 859 835 925 atque
856 842 971 905 texendi
991 842 1147 903 inventurn
1167 840 1316 918 excogita·

355 923 421 999 tit,
443 921 566 984 alterum
586 943 605 984 a
625 920 766 1003 bombyce
787 922 948 985 vermiculo
971 942 980 992 3
1007 921 1130 982 alterum
1152 917 1192 982 ab
1210 938 1316 1007 araneo

356 1001 387 1064 id
408 1002 536 1063 mutuari
556 1002 705 1083 potuille3
732 1004 777 1066 ita
797 1004 849 1085 qui
872 1001 1020 1083 specillum
1041 1045 1051 1073 ,
1073 997 1124 1061 ubi
1143 997 1273 1061 nostram
1293 1017 1315 1059 t·

355 1082 505 1161 maginem
525 1081 705 1163 spediamut,
725 1082 893 1157 adinvenit,
914 1082 945 1143 id
966 1080 1099 1142 obelata
1118 1098 1217 1161 aqua,
1231 1076 1314 1139 unde

354 1180 419 1225 eam
439 1158 537 1223 referri
557 1162 716 1239 videmus,
735 1161 820 1225 facile
840 1161 891 1224 sibi
911 1159 1083 1242 excogitarit
1100 1179 1112 1229 ;
1132 1159 1178 1221 ita
1197 1158 1253 1240 qui
1271 1158 1314 1219 su·

358 1240 516 1321 perior'rbur
535 1245 619 1304 annis
641 1240 742 1324 [quos
762 1239 913 1319 arcbibnsos
930 1240 1114 1323 appellamus
1130 1237 1145 1320 ]
1164 1257 1311 1299 commen·

356 1333 403 1380 tus
423 1318 487 1395 est,
507 1341 525 1381 a
546 1320 737 1399 fulminibus,
757 1339 846 1405 atque
866 1321 945 1382 Coeli
966 1319 1104 1395 tonitruis
1124 1317 1165 1379 ad
1184 1336 1253 1379 eam
1269 1318 1313 1377 in-

351 1399 522 1461 ventionem
542 1403 661 1464 excitari
681 1403 779 1485 potuit
795 1424 805 1474 3
834 1402 878 1463 itn
898 1402 930 1461 in
949 1398 1076 1473 exteris,
1092 1412 1131 1458 ut
1149 1396 1264 1477 semper
1284 1419 1314 1458 a·

351 1477 375 1539 li
397 1478 446 1539 uid
466 1498 484 1541 a
503 1499 582 1544 certa
601 1503 630 1544 re
649 1482 718 1560 sua,
741 1498 793 1544 aut
813 1481 850 1543 ab
871 1482 982 1555 aliena,
1001 1496 1063 1561 qun
1076 1476 1108 1538 id
1128 1475 1287 1538 constituat
1302 1475 1337 1554 ,'

351 1498 455 1620 hibere
472 1562 550 1649 polle
566 1562 725 1624 videatur.
749 1564 818 1625 Duo
837 1560 981 1641 postremo
1006 1558 1044 1618 ad
1072 1557 1220 1618 summam
1247 1555 1311 1636 'pul-

352 1638 548 1702 chritudinem
569 1661 641 1722 opus
658 1642 745 1713 ·sunt;
763 1658 869 1704 natura
884 1658 997 1709 unum;
1015 1636 1142 1700 studium
1153 1634 1311 1698 alterum.

349 1717 432 1780 Nam
454 1734 630 1799 quaenatura
648 1721 698 1785 sua
731 1741 747 1781 e
766 1718 950 1783 conformata
970 1718 1052 1790 sunt,
1073 1736 1107 1777 ea
1127 1714 1241 1796 semper
1247 1714 1310 1798 pul·

345 1796 422 1868 ,ebra
439 1796 526 1867 sumt
546 1819 602 1861 nec
622 1802 670 1863 cui
717 1800 817 1862 udium
838 1797 949 1873 aderit,
968 1816 1073 1877 parum
1094 1794 1124 1857 id
1146 1792 1309 1877 quoqnead

349 1875 597 1956 pulchritudinem
615 1877 756 1959 profuerit
775 1923 785 1939 .
803 1878 842 1943 ld
862 1876 942 1959 quod
960 1877 994 1938 in
1014 1873 1183 1937 mulieribus
1206 1876 1309 1937 nostrin

373 1954 482 2016 uotidie
499 1959 653 2021 cernitur.
676 1958 796 2034 ‘Quibus
814 1958 897 2020 enim
917 1978 936 2019 a
954 1971 1060 2017 natura
1079 1954 1196 2035 optima
1217 1953 1310 2018 forme

347 1974 418 2097 dart
436 2033 495 2110 est,
514 2039 657 2101 continuo
675 2058 696 2099 n
716 2037 745 2099 se
766 2037 858 2119 ipsae,
886 2053 920 2099 ut
937 2036 1089 2118 pulchro,
1110 2032 1309 2173 (frobnntnm

347 2114 396 2177 cui
417 2135 485 2177 vero
503 2117 619 2200 aliquid
636 2116 780 2181 vitiosum
799 2116 963 2191 acciderit,
980 2115 1049 2176 srid
1065 2113 1110 2175 stu
1131 2113 1153 2175 ii
1166 2112 1308 2175 beneficio

347 2194 543 2271 emendetur,
562 2217 617 2279 pro
633 2198 728 2261 studio
741 2199 821 2261 inter
834 2192 973 2259 formosas
989 2240 998 2270 ,
1023 2194 1091 2274 pius
1104 2194 1237 2267 rninns,
1259 2194 1305 2255 nd·

344 2273 565 2349 numerabitur,
586 2279 705 2359 quando
725 2278 815 2340 etiam
831 2271 848 2357 ·[
865 2293 898 2339 ut
913 2274 988 2338 nihil
1004 2274 1042 2335 de
1058 2274 1104 2334 ori
1121 2271 1193 2335 fuco
1210 2273 1306 2355 luper-

347 2352 427 2429 lito,
447 2355 524 2418 nihil
542 2357 578 2420 de
590 2359 703 2438 capillo
721 2373 936 2432 commutato,
956 2353 1034 2415 nihil
1050 2354 1091 2414 -de
1110 2352 1189 2413 ciliis
1209 2371 1261 2417 aut
1277 2374 1305 2414 e·

347 2433 452 2509 vulfio,
474 2450 524 2497 aut
540 2436 662 2512 abrasis,
680 2437 850 2520 &reliquis
866 2438 925 2507 ejus
941 2434 1053 2516 generis
1070 2431 1189 2513 dicam]
1212 2433 1300 2516 sr-quae

345 2512 453 2575 claudae
474 2532 579 2577 natura
594 2534 704 2578 veitortae
721 2516 775 2579 srnt
792 2562 801 2593 ,
826 2514 843 2655 ἱ
860 2515 974 2596 vulgari
989 2514 1067 2573 enim
1086 2512 1177 2573 modo
1198 2529 1304 2575 naturae

345 2593 454 2655 vitium
475 2616 553 2658 nunc
571 2596 716 2676 ¹appello]
737 2597 781 2658 ita
802 2595 832 2658 so
846 2616 943 2657 earum
960 2591 1099 2654 beneficio
1114 2591 1146 2652 id
1163 2592 1233 2654 vitri
1247 2614 1304 2655 cor·

343 2674 462 2753 rigant,
484 2691 519 2736 ut
535 2676 656 2754 integrae
673 2676 834 2755 elegantius
849 2696 911 2736 non
934 2673 1095 2735 incedant⁴
1125 2672 1239 2733 Verum
1257 2671 1302 2733 cui

317 2770 320 2777 ·
348 2767 447 2814 utrum
470 2772 506 2813 ue
527 2752 621 2814 oderit
640 2753 770 2828 bonum,
787 2754 823 2814 -δι
842 2772 954 2815 naturae
976 2752 1198 2825 adjmnentum,
1219 2752 1302 2813 &ar-

347 2830 385 2892 tis
408 2771 561 2906 studium,
587 2833 659 2895 ‘huic
675 2831 755 2895 nihil
780 2832 872 2894 ›deelle
896 2833 1008 2914 poterit
1032 2830 1072 2892 od
1090 2851 1215 2891 omnem
1243 2830 1302 2913 pul·

343 2908 560 2982 chritudincm3
578 2927 614 2974 ut
627 2914 720 2976 etiam
738 2911 868 2994 lapides,
909 2914 966 2974 uia
982 2927 1091 2973 natura
1106 2912 1235 2973 omnino
1243 2932 1301 2992 pre·

346 2988 410 3053 tiosr
426 2990 615 3071 gignuntur,
634 2992 743 3055 sivero
766 3013 812 3053 ars
830 2994 897 3054 adhi
919 3009 1018 3065 eatur,
1036 3011 1099 3051 non
1113 3010 1221 3070 parum
1241 2991 1299 3052 illis

344 3068 462 3134 accedat
477 3091 544 3135 cum
559 3073 596 3134 cd
613 3074 738 3154 pretium
755 3117 764 3147 ,
783 3089 846 3134 turn
863 3073 899 3135 ad
924 3069 1168 3152 pulchritudinem
1194 3089 1298 3153 augen-

342 3149 411 3212 dam
427 3196 434 3209 .
461 3150 511 3214 lta
526 3173 580 3233 ego
594 3153 627 3215 in
641 3155 700 3217 hoc
719 3174 789 3215 tneo
803 3153 892 3215 tertio
909 3151 928 3225 J
933 3151 1028 3213 udicio
1042 3150 1244 3212 constituendo
1261 3148 1300 3213 fa·

343 3230 409 3303 cio,
431 3248 464 3292 ut
479 3231 550 3293 binc
564 3251 689 3307 natura,
710 3233 776 3294 inde
792 3233 918 3295 lludiunr
935 3275 943 3306 ‚
970 3230 1021 3295 deu
1041 3249 1136 3290 rerum
1152 3232 1298 3312 cognitio,

343 3308 400 3371 hoc
417 3310 493 3370 milri
514 3309 639 3398 perfecie
656 3313 816 3375 conficiant
832 3334 845 3384 ‘3
869 3328 936 3375 turn
960 3309 1011 3373 fiet
1029 3354 1038 3385 ‚
1059 3312 1140 3391 quod
1157 3332 1210 3371 nos
1232 3312 1299 3373 dici-

342 3406 407 3450 mus
424 3386 459 3448 de
475 3387 606 3477 obloluto
622 3392 636 3462 l
641 3392 738 3455 udicio
755 3437 765 3466 ,
781 3391 863 3474 ¹quod
881 3408 1024 3453 anarurae
1048 3389 1153 3464 bono,
1173 3407 1262 3473 atque
1281 3412 1298 3451 a

341 3485 436 3529 return
449 3466 574 3530 :scientia
588 3490 676 3551 atque
689 3472 865 3535 trattatione
879 3470 1000 3533 conflari
1015 3470 1178 3532 volumus..
1201 3474 1243 3534 At
1265 3490 1297 3532 ue

340 3547 386 3609 ite
401 3547 516 3610 dicendi
537 3547 628 3612 linem
652 3549 745 3615 fecit.
765 3553 847 3613 Tum
863 3552 975 3613 Saulius
993 3571 1003 3620 3
1022 3550 1127 3632 ecquid
1144 3552 1212 3627 ais,
1234 3491 1298 3611 lba-

341 3625 439 3707 gioli?
461 3630 533 3691 Non
549 3629 603 3691 tibi
620 3630 739 3693 Proteus
758 3631 835 3705 iste,
856 3632 984 3710 primum
999 3630 1107 3691 horum
1118 3630 1249 3694 duorum
1258 3651 1297 3691 re·

341 3705 417 3769 tibus
455 3707 521 3771 robe
538 3709 714 3785 involutus,
743 3710 884 3789 postremo
901 3710 990 3770 etiam
1012 3728 1032 3768 a
1046 3710 1126 3780 lulio
1138 3710 1297 3790 ›deprehen-

336 3784 385 3850 sus
437 3806 454 3851 e
470 3787 612 3855 videtur?
634 3790 715 3855 Turn
731 3790 893 3873 Magiolius
905 3832 917 3849 ..
945 3788 1026 3852 Mihi
1043 3792 1179 3872 quidem,
1199 3792 1297 3864 Sauli,

1188 3890 1262 3953 quo·
