3034 4559
530 448 784 511 BARTHOL.
803 447 975 509 RlCClI

284 639 286 651 t
304 661 307 669 ,
370 650 383 662 x
471 608 503 671 N
521 607 604 671 omni
624 607 717 689 igitur
742 605 816 669 resle
836 606 968 688 capiendi
989 602 1100 668 consilii
1121 602 1219 664 rarione

284 716 286 746 ι
325 703 346 738 2·
421 702 428 757 f
456 749 458 757 s
484 689 541 751 duo
563 689 594 748 in
615 686 716 768 primis
737 685 889 768 spectanda
909 687 1004 760 sunt,
1024 700 1058 747 ut
1078 683 1220 769 prudens,

486 785 521 832 ut
540 766 632 830 fidelis
651 766 710 841 fit,
738 786 825 849 quem
846 767 878 832 in
900 786 930 828 re
948 763 1128 828 decernenda
1149 760 1219 823 nobrs

283 893 314 936 ¹>
326 872 346 908 t:
396 909 398 911 ,
408 844 448 936 s«
482 848 659 931 sequendum
678 846 731 908 esse
751 845 1005 987 proposuerimus.
1028 846 1110 906 Nam
1132 841 1221 922 srpru·

283 930 289 966 ἒ
448 940 452 949 ’
483 926 583 990 dentia
601 924 722 988 finefide
742 926 810 987 adhr
832 943 931 1000 eatur,
952 925 1032 1007 pejus
1054 921 1224 985 nullumve·

273 1027 383 1070 nerium
411 1006 529 1069 consilio
550 1006 698 1068 admisceri
729 1006 848 1086 potesl3
880 1005 950 1066 fides
979 1023 1052 1066 vero
1082 1002 1140 1063 sine
1169 1019 1223 1080 pru·

273 1086 375 1148 dentia
403 1086 476 1167 quid
498 1088 529 1150 in
550 1084 632 1150 rebus
653 1084 746 1148 dubiis
767 1088 894 1161 valeat,
922 1105 1012 1146 nemo
1039 1103 1101 1146 non
1124 1080 1223 1145 videt.

273 1166 376 1228 Altera
402 1165 501 1248 itaque
521 1166 638 1229 alterius
659 1186 732 1247 ope,
752 1183 843 1249 atque
861 1164 972 1228 auxilio
1001 1163 1134 1226 maxime
1160 1158 1225 1221 indi·

274 1263 342 1327 get.
364 1246 494 1309 Namad·
509 1266 634 1329 quorum
655 1245 841 1329 prudentiam
861 1244 936 1308 fraus
958 1243 1152 1323 adjungatur,
1173 1258 1226 1301 non

279 1325 369 1388 modo
388 1325 549 1408 periculum
570 1327 652 1402 erit,
678 1347 716 1388 ne
736 1326 833 1402 nostra
852 1326 875 1386 ii
897 1323 1007 1387 ceteris
1028 1322 1152 1386 consilia
1170 1339 1228 1402 pro·

274 1405 374 1480 dant,
395 1405 442 1468 sed
462 1406 636 1469 consulendo
654 1407 745 1468 etiam
767 1427 805 1470 ne
824 1403 909 1467 nobis
928 1402 1000 1464 mali
1021 1400 1077 1463 smt
1096 1399 1226 1463 authores

275 1484 414 1548 confilii.
440 1485 551 1548 Fidelis
572 1507 641 1548 vero
660 1485 716 1547 srne
730 1485 891 1565 prudentia
913 1484 944 1546 in
966 1501 996 1543 re
1016 1481 1114 1561 magis
1136 1498 1227 1561 tegen-

272 1566 334 1641 da,
350 1581 439 1647 atque
455 1610 467 1640 ‚
486 1582 520 1630 ut
539 1566 675 1641 iusseris,
694 1565 900 1638 conficienda,
919 1582 1009 1646 quam
1029 1562 1061 1622 in
1080 1560 1228 1626 decerner-

273 1645 339 1722 da,
365 1660 453 1727 atque
472 1645 649 1709 invenienda
675 1644 740 1707 usus
761 1646 816 1708 erit
844 1641 1115 1706 accommodatior.
1145 1639 1227 1704 Plane

272 1724 353 1787 enim
375 1723 425 1785 hic
444 1740 541 1805 partes
560 1726 623 1786 suas
645 1745 745 1786 omnes
766 1740 901 1787 executus
922 1720 1033 1795 suerit,
1063 1737 1133 1781 cum
1153 1715 1225 1801 quod

273 1804 303 1864 ei
323 1801 433 1865 secreto
452 1804 648 1880 commiseris,
669 1804 759 1865 nullis
780 1804 810 1866 id
831 1804 986 1865 tormentis
1001 1796 1224 1876 adhibitis1nul·

271 1881 315 1946 lis.
330 1881 469 1946 maximis
490 1884 616 1964 praemiis
636 1882 789 1964 propositis
808 1883 965 1947 indicarit.
996 1878 1111 1958 Quibus
1133 1896 1225 1944 autem

274 1958 360 2023 rebus
385 1980 430 2021 res
454 1960 514 2024 hac
535 1977 659 2043 utraque
677 1979 890 2044 comparetur,
916 1977 967 2022 aut
986 1957 1091 2042 quibus
1116 1956 1222 2022 facilius

274 2040 329 2103 esse
347 2038 463 2115 soleat,
481 2040 641 2104 videndum
662 2041 729 2114 est;
756 2059 791 2106 ut
811 2063 845 2105 eo
864 2040 984 2104 consilio
1000 2040 1045 2101 uti
1061 2036 1223 2119 pessimo,

273 2119 354 2191 cujus
371 2140 465 2202 neque
488 2141 541 2183 nos
557 2122 691 2201 pudeat,
719 2142 814 2205 neque
835 2123 1002 2203 poeniteat.
1029 2120 1076 2180 Ac
1094 2116 1173 2201 quod
1190 2113 1220 2177 acl

275 2200 461 2284 prudentiam
469 2203 593 2276 attinet,
620 2222 710 2283 quam
719 2203 840 2263 eandem
856 2198 1025 2282 graviffimo
1045 2196 1218 2259 nomineSa·

274 2281 418 2361 pientiam
427 2282 633 2362 appellant‚ea
641 2281 750 2352 duabus
760 2282 806 2354 his
814 2280 992 2374 porisfimum
1002 2276 1084 2341 rebus
1100 2277 1218 2340 contine·

272 2361 442 2431 rividetur;
464 2381 558 2422 rerum
579 2360 771 2437 scientiaea
806 2365 808 2370 ’
844 2382 881 2423 ue
901 2360 953 2424 usu
975 2359 1006 2420 δι
1026 2357 1216 2420 mediatione·

274 2442 356 2503 Nam
387 2438 494 2527 quide
518 2459 691 2524 unaqueque
711 2462 743 2506 re
768 2463 823 2524 pru
843 2458 926 2503 enter
951 2437 1104 2500 consilium
1130 2452 1217 2518 capere

272 2519 371 2592 volet,
392 2538 452 2587 erus
473 2520 616 2581 rationem
637 2539 756 2582 omnem
772 2520 850 2594 resle
863 2534 946 2593 ante,
967 2533 1125 2591 uttenear‚
1145 2534 1214 2596 opor·

271 2597 362 2665 rebit3
382 2595 500 2678 quando
519 2597 671 2660 consilium
691 2598 767 2660 nihil
787 2598 823 2662 fit
843 2598 943 2671 aliud,'
961 2615 1070 2677 quarn,
1088 2596 1125 2657 de
1146 2594 1214 2656 rebus

270 2676 402 2736 maxime
419 2671 549 2742 v'enturis
565 2675 639 2756 quid
654 2675 837 2740 struendum
852 2678 912 2749 sit,
933 2674 962 2744 sa
982 2676 1076 2734 lenter
1096 2676 1213 2737 decemt-

270 2771 318 2813 re.
338 2752 397 2809 Hic
413 2751 422 2808 i
446 2750 506 2812 itur
519 2749 799 2816 mihiConliliarius
818 2754 945 2822 maxime
963 2694 1154 2894 {moabitem
1174 2749 1211 2831 qui

270 2829 397 2910 primum
417 2771 788 2900 surimivilislcientiam
809 2832 923 2913 optime
936 2851 970 2894 ca
983 2831 1087 2905 luerit,
1107 2832 1214 2915 quando

270 2911 302 2970 in
324 2908 378 2967 hoc
407 2928 511 2987 genere
539 2905 651 2971 consilii
666 2953 677 2983 ‚
692 2929 764 2991 .quo
784 2911 961 2986 Ciuitates,
989 2925 1075 3001 atque
1097 2912 1214 2995 Imperia

270 2987 498 3063 conservantur,
526 2989 571 3049 illi
593 2988 693 3079 saepius
715 2991 886 3056 versandum
906 2992 945 3054 est
966 3012 974 3063 ;
995 2990 1096 3052 demde
1117 2996 1168 3075 qui
1187 2991 1213 3052 dt

270 3087 446 3150 unaquaque
473 3089 503 3129 re
523 3088 657 3154 quamtus
679 3069 715 3130 ad
743 3070 958 3136 deliberandum
979 3069 1122 3132 facillima
1142 3074 1172 3134 io
1190 3090 1213 3132 u·

270 3165 407 3236 rramque
426 3166 539 3228 partem
566 3148 748 3212 consultandi
778 3154 922 3216 rationem
951 3151 1040 3231 probe
1060 3168 1210 3233 perceptam

272 3227 424 3316 habuerit,
445 3250 489 3302 ac,
510 3228 756 3311 quemadmodum
766 3252 819 3312 pro
839 3231 993 3304 omnibns,
1014 3251 1049 3290 ac
1068 3250 1169 3293 contra
1186 3250 1210 3289 o·

272 3326 356 3394 mma
372 3305 515 3394 sapienter
535 3309 705 3389 disputetur,
726 3310 925 3389 perdidicerit3
945 3309 1123 3373 utomnibus
1143 3308 1213 3371 dubi·

272 3399 393 3446 tatroms
414 3388 540 3447 numeris
561 3388 635 3450 resle
656 3389 782 3469 cognitis
809 3408 898 3471 atque
918 3409 997 3470 perce
1019 3391 1083 3463 tis,
1111 3406 1213 3451 mature

270 3484 306 3523 ac
327 3478 391 3524 tuto
412 3464 583 3527 constituere
604 3469 704 3547 possit,
723 3470 795 3548 quid
805 3470 969 3549 agendum,
989 3410 1213 3550 AEquendumque

272 3544 331 3631 fit,
358 3542 428 3623 quid
449 3565 531 3604 non.
559 3547 618 3606 His
638 3547 690 3608 illa
709 3548 869 3618 accedant3
899 3565 930 3611 ut
952 3548 1096 3609 multam
1121 3547 1211 3629 primis

273 3622 417 3683 Virorum
438 3623 593 3684 illustrium
614 3625 689 3687 sasla
704 3670 716 3701 ,
734 3627 852 3687 consilia
873 3627 997 3708 legerit,
1018 3627 1142 3689 audierit
1162 3644 1211 3687 nm

274 3722 384 3783 pauca,
405 3702 569 3762 meminerit
590 3707 706 3779 omnia,
726 3707 893 3788 Rerumque
914 3708 1122 3786 publicarum,
1142 3708 1212 3770 Prin·

275 3781 374 3862 cipum
390 3825 402 3858 ‚
428 3781 605 3865 Popidorum
626 3784 844 3850 deliberationes
866 3787 899 3847 in
918 3787 1000 3850 rebus
1019 3785 1114 3852 dubiis
1133 3782 1214 3850 fideli-

1147 3881 1188 3927 ter
