3034 4559
393 438 452 501 26
671 440 708 502 ,Ι
747 439 780 500 Ν
819 438 849 500 D
888 436 917 503 E
954 441 983 501 X

351 454 514 610 Nafiram,
541 520 581 585 (Ψ
600 536 684 581 artem
713 519 743 579 in
758 518 916 600 pangendis
946 516 1068 592 verfibus
1095 520 1228 581 Horatius
1254 544 1316 584 son·

407 621 445 659 un
465 618 505 661 rr.
632 650 634 655 .
1277 621 1313 662 21

352 620 423 740 Siire
437 623 590 756 daturam,
629 702 676 739 sve
703 696 789 740 artem
817 678 848 738 in
868 678 1050 756 constituendo
1064 678 1193 756 sequaris
1208 690 1229 755 ‚'
1246 681 1318 744 dili·

390 778 483 843 genter
502 760 685 835 videndum,
703 777 735 820 ur
755 759 810 834 rei,
832 758 868 822 de
889 780 946 838 qua
960 761 1052 840 agitur
1061 802 1078 835 ‚‚
1090 759 1251 840 diligentem
1270 781 1316 822 ra·

393 843 492 901 tionem
514 837 659 900 adhibeas.

324 981 326 984 .
354 920 555 1000 Navigationis
569 915 739 992 similitudo.
1260 938 1318 995 114

352 1002 448 1060 Navis
463 1002 583 1078 formam
603 1017 706 1058 veteres
725 996 764 1058 ab
784 996 888 1059 avibus
903 997 1095 1079 firmpser'rrnt.
1281 1017 1316 1067 11

353 1080 468 1140 Neronis
489 1079 607 1139 Claudii
626 1079 765 1158 judicium
785 1080 1017 1141 commendaram.
1261 1077 1318 1140 180

352 1157 546 1235 Nobiliffima,
576 1181 688 1239 quaque
714 1157 850 1218 bominem
879 1157 916 1220 ab
936 1157 1041 1219 hamine
1061 1156 1259 1237 distinguunt,
1287 1158 1319 1217 in

363 1293 365 1298 .
392 1240 470 1320 longe
489 1236 618 1314 abditis,
638 1257 721 1319 arque
740 1234 864 1316 obseraſse
879 1238 947 1300 locis
961 1238 1156 1301 reconduntur.
1260 1256 1315 1317 173

353 1323 451 1381 Utrum
467 1321 577 1380 nomina
594 1319 700 1380 Latina
715 1316 794 1395 rebus
815 1320 896 1378 novis
912 1318 1046 1400 imponere
1060 1318 1158 1380 liceat.
1278 1317 1318 1378 82

353 1403 440 1466 Nova
455 1405 572 1460 inventa
585 1397 727 1458 bominum
743 1398 877 1458 nonnulla
897 1399 1078 1475 recensentur.
1278 1396 1320 1474 48

353 1481 447 1543 Novis
463 1478 542 1541 rebus
556 1497 648 1540 utrum
662 1478 770 1539 Latina
786 1478 896 1543 nomina
910 1478 1042 1560 imponere
1060 1479 1158 1544 liceat.
1278 1477 1319 1537 82

354 1563 447 1623 Novis
462 1558 539 1620 rebus
553 1582 609 1639 qua
625 1558 726 1620 rasione
741 1580 833 1620 nomen
857 1558 991 1619 Larinum
1007 1556 1217 1640 imponendum.
1278 1556 1319 1634 84

353 1644 401 1701 De
420 1637 534 1703 nucibus
548 1640 641 1719 pineis
692 1640 812 1700 ariorum
831 1635 914 1701 aiiio.
1255 1654 1316 1715 432

354 1721 469 1857 Nuptis
488 1718 592 1779 Pelida
611 1762 622 1796 ,
711 1716 842 1781 Thetidis
870 1719 1022 1782 acaurio
1041 1718 1182 1801 descripte
1200 1718 1318 1780 maxime

406 1800 560 1859 audantus.
1226 1810 1315 1874 1415

353 1879 491 1938 Numerus
517 1878 546 1936 in
568 1876 684 1937 oratione
702 1874 817 1954 consiliis
847 1878 877 1939 in
897 1893 966 1960 apsa
979 1878 1177 1957 sententiarum
1207 1877 1318 1938 colloca-

395 1973 484 2013 srone.
1278 1974 1296 2015 0

354 2030 514 2094 Denuntio
543 2029 659 2106 allato,
687 2034 808 2094 amicum
826 2034 919 2094 adhuc
939 2038 1038 2095 vivere
1058 2076 1070 2110 ,
1098 2033 1199 2095 latitia
1219 1972 1316 2116 expsoli·

393 2130 447 2202 '¹³32
666 2159 670 2167 ‹
1263 2131 1316 2201 ²7⁰

817 2274 849 2337 0

358 2444 428 2579 O
438 2434 519 2494 Bvr‘a
535 2430 660 2495 omnibus
677 2430 831 2495 hominibus
847 2476 857 2508 ,
876 2450 959 2513 atque
978 2454 1063 2515 quam
1078 2412 1141 2494 noti
1155 2457 1212 2496 rma
1230 2455 1313 2498 ocsus·

450 2532 537 2590 runt,
558 2514 665 2594 quain
686 2510 765 2572 rebus
787 2511 914 2573 humanis
933 2513 1025 2574 minus
1045 2518 1154 2594 egregia
1169 2514 1310 2577 habenas.

399 2614 411 2653 1
458 2640 464 2653 .

355 2614 463 2747 Occisis
490 2696 536 2734 rve
556 2673 741 2754 opportunitas
759 2672 790 2732 in
808 2687 924 2752 tempore
943 2674 1061 2734 maxims
1075 2672 1133 2749 Jita
1152 2675 1207 2754 est.
1261 2674 1310 2736 180

356 2756 437 2831 ,eros
457 2754 588 2823 odimus,
606 2752 715 2831 periiffe
734 2752 873 2830 cupimus.
1258 2770 1306 2831 145

356 2832 462 2889 Odium
482 2852 515 2887 ex
537 2830 598 2888 odio
612 2827 665 2900 fit.
895 2845 899 2851 '
1260 2851 1309 2911 147

354 2906 492 2969 Oiiavius
513 2906 653 2987 Augustus
672 2908 851 2985 modestiffime
871 2907 1014 2986 vestiebar.
1048 2920 1050 2925 '
1260 2914 1310 2989 184

356 2987 451 3065 Officio
474 3010 527 3048 non
548 2988 701 3068 respondere
720 2989 824 3048 vitium
846 2993 1012 3051 maximum.
1291 3011 1308 3069 7

355 3073 457 3131 Omnes
479 3068 568 3129 omnia
583 3068 678 3145 sciunt
693 3070 861 3208 ,eparciorer
876 3086 968 3150 pauca
988 3090 1138 3133 noverum.
1260 3091 1309 3151 149

355 3152 408 3288 Adl
425 3151 515 3210 omnia
543 3167 642 3208 natura
666 3149 702 3229 fa
729 3171 776 3207 um
796 3152 901 3227 nasci,
923 3150 993 3227 solis
1021 3152 1088 3212 Diis
1108 3155 1258 3237 contingere
1270 3152 1309 3230 so·

408 3247 448 3290 es.
1277 3250 1309 3291 22

353 3311 443 3387 Opera
462 3307 658 3372 Bartholomaei
673 3310 776 3370 Riccii.
1260 3329 1309 3389 137

354 3391 444 3476 Opera
463 3411 481 3446 a
500 3387 695 3449 Bartholomao
716 3390 808 3451 Riccio
836 3392 983 3473 conscripta
1002 3395 1041 3452 ad
1062 3393 1203 3453 Ciceronis
1227 3393 1310 3453 imita·

395 3484 511 3527 tionem.
1221 3490 1308 3551 51.52

355 3547 445 3626 Opera
465 3546 605 3625 Longolii.
1259 3570 1308 3613 102

353 3632 388 3686 In
405 3624 525 3705 operibus
540 3629 634 3707 qualis
649 3628 808 3705 instituendi
822 3630 891 3689 ratio
915 3627 965 3706 effe
981 3627 1095 3692 debeat.
1273 3628 1309 3711 78

354 3707 387 3764 In
403 3705 524 3785 operibus
535 3707 597 3786 suis
613 3732 681 3786 quas
699 3732 738 3769 res
754 3712 845 3777 Cicero
867 3708 1005 3773 sraOarit.
1275 3729 1308 3789 54

354 3786 450 3846 Oratio
466 3808 552 3849 ceram
566 3788 706 3865 imitatur,
717 3812 784 3869 qua,
803 3812 855 3871 quo
871 3810 930 3849 eam
947 3790 987 3851 ad
1002 3791 1124 3872 quasque
1132 3792 1239 3872 formas
1254 3812 1306 3851 son·

1223 3867 1277 3947 fin.
