3034 4559
549 444 959 527 DEJlJDIGIO.
1141 467 1199 532 279

278 524 370 600 trtius
431 542 538 587 arnus.
561 526 598 587 ln
619 526 676 589 loci
696 527 788 607 igitur
808 530 921 591 ratione
943 526 1143 594 considerando
1162 526 1239 596 mul·

276 619 339 682 ,tum
357 605 402 667 siu
424 605 464 679 ii,
486 617 573 686 atque
592 606 751 687 diligentior
768 627 872 688 ponere
894 606 1043 672 debemur.
1064 611 1162 685 Nam,
1182 614 1236 695 qul

275 702 326 747 aut
349 682 438 746 villas
461 684 491 745 io
513 705 531 745 a
554 705 610 761 ro,
639 702 690 749 aut
717 685 789 748 aedes
818 688 849 749 in
878 686 955 750 Urbe
975 687 1009 752 lit
1028 688 1238 770 aedifiaturus,

274 764 327 828 uili
349 784 398 825 eas
423 763 454 824 in
475 760 535 827 selu
572 765 681 839 rrimo,
701 784 789 848 atque
810 764 965 831 commodo
985 765 1050 831 loco
1066 767 1238 844 edificabit,

275 840 393 917 Judicio
410 861 505 906 carere
525 843 716 916 iudicabitu13
738 846 811 928 quin
832 848 920 909 etiarn
942 848 974 910 in
994 847 1030 913 iis
1047 846 1111 930 ipss
1129 847 1238 914 aedibut

274 942 339 1007 quae
365 923 430 986 loca
452 921 518 985 suot
541 924 657 1004 turpia,
678 922 728 1000 sed
744 927 781 988 ad
803 927 886 990 usum
903 944 1000 990 tamen
1017 926 1171 990 hominurn
1188 946 1239 989 ne·

274 1001 409 1077 cedma,
431 1002 483 1064 nisr
504 1021 540 1063 ea
560 1004 591 1066 in
614 1003 669 1066 suis
690 1003 760 1067 lotis
782 1004 939 1082 abdiderit,
960 1008 1054 1070 molus
1072 1007 1177 1070 aediurn
1193 1025 1239 1069 tr·

273 1082 420 1145 mirellus
443 1078 622 1146 habebitur.
652 1082 753 1147 Multo
775 1103 845 1149 vero
865 1084 910 1149 illi
931 1084 1176 1163 inconsultiores,
1203 1101 1239 1149 ae

275 1162 333 1225 sure
355 1161 420 1224 ullo
440 1159 555 1234 Iudicio
574 1163 627 1224 esse
649 1162 849 1242 videbuntur,
869 1166 921 1249 qui
943 1181 994 1228 aut
1016 1167 1047 1229 irr
1068 1164 1156 1241 soro,
1187 1180 1240 1231 aut

273 1241 307 1322 ¹in
330 1240 474 1323 publico,
495 1258 559 1323 quae
579 1241 687 1317 domi,
715 1261 779 1324 quae
802 1245 832 1305 in
853 1245 984 1326 privato,
1005 1242 1062 1307 srve
1081 1263 1149 1307 cunr
1172 1242 1241 1309 libe·

276 1322 336 1397 tit,
357 1321 418 1383 srve
437 1322 527 1384 etiarn
549 1339 616 1383 cum
637 1337 746 1385 naturae
767 1342 883 1403 operam
903 1324 1024 1398 damus,
1044 1322 1135 1386 secere
1154 1325 1241 1387 aude·

273 1399 373 1466 bunt.
403 1397 441 1462 In
468 1399 546 1469 sacro
576 1416 673 1466 autem
703 1420 763 1463 non
792 1403 847 1463 stne
876 1401 974 1465 scelere
1003 1404 1073 1465 sient
1101 1402 1261 1483 profana.'

274 1480 418 1546 Praeterea
437 1498 507 1544 uero
526 1480 592 1563 quis
612 1480 724 1555 nescit,
748 1480 808 1543 alio
828 1480 916 1545 modo
939 1483 970 1543 in
992 1480 1092 1554 Urbe,
1113 1483 1172 1544 alio
1193 1502 1239 1546 ru·

273 1562 320 1637 ti,
342 1559 404 1624 alio
426 1559 456 1621 in
478 1560 595 1634 Patria,
616 1560 674 1624 elio
694 1579 759 1621 cum
776 1579 891 1642 peregre
906 1559 988 1637 suut,
1009 1561 1035 1624 se
1055 1560 1082 1623 se
1103 1560 1237 1625 homines

274 1636 397 1723 gerere?
414 1640 671 1720 nequeunumesse
690 1639 814 1702 omnino
829 1640 933 1732 agendi
954 1637 1118 1713 Iudicium?
1139 1642 1238 1725 &quo

272 1719 351 1802 apud
372 1718 581 1799 cogniroe,&
611 1739 649 1782 uo
664 1719 742 1801 opud
765 1719 852 1783 nostrl
875 1720 991 1803 ignaros
1000 1722 1128 1796 utimur,
1151 1722 1236 1787 utlFe

272 1819 332 1864 treae
354 1797 469 1862 licuerit
490 1797 517 1861 se
539 1740 615 1879 apid
637 1799 747 1862 alienos
767 1800 850 1890 pium
879 1801 1043 1882 appellare,
1074 1801 1149 1883 apud
1171 1801 1236 1864 suot

273 1886 335 1944 noir
360 1878 405 1943 ita
428 1877 597 1959 ‚Sequitur
620 1878 746 1941 secundo
770 1900 803 1941 rn
826 1881 891 1943 loco
915 1882 1054 1963 temporis
1077 1882 1179 1958 ratio,
1204 1883 1235 1945 irr

273 1979 333 2042 qua
353 1956 462 2020 summi
484 1956 590 2031 ludicii
611 1958 726 2019 summe
745 1960 791 2022 vir
814 1960 854 2024 eu
879 1958 956 2023 lita.
981 1958 1149 2024 Videndum
1181 1962 1237 2043 igi-

273 2056 322 2106 tur
342 2038 400 2101 erit
416 2081 427 2111 ,
446 2052 479 2099 ut
500 2038 571 2117 quid
594 2038 660 2120 quis
681 2053 768 2118 agat,
788 2039 819 2104 id
842 2038 893 2103 suo
913 2056 992 2104 certo
1012 2057 1143 2120 tempore
1166 2039 1237 2101 sem·

274 2125 453 2201 peragat:
484 2134 535 2179 aut
564 2114 584 2177 sr
615 2119 652 2179 id
673 2118 769 2179 alieno
798 2121 945 2197 omnino,
975 2117 1079 2182 habeat
1108 2135 1237 2195 tomen,

273 2198 328 2282 ,qui
357 2194 506 2272 Iudicium
538 2194 613 2258 nihil
640 2195 795 2259 offendat.
822 2200 920 2275 Quare
957 2197 1073 2271 solent,
1110 2200 1161 2279 qui
1187 2199 1239 2259 ali-

274 2276 346 2360 quid
368 2291 499 2357 petunt,
530 2276 560 2336 in
583 2276 684 2355 primis
706 2276 843 2356 petitioni
865 2276 919 2338 suae
954 2292 1068 2355 tempus
1088 2275 1238 2341 observate

275 2376 324 2438 pet
343 2372 435 2439 quem
458 2356 709 2418 accommodatum
729 2400 736 2413 .
758 2356 864 2437 Itaque
885 2356 984 2418 AEnear
1005 2352 1152 2418 Didonem
1174 2356 1236 2418 edi·

275 2453 375 2510 tutur,
395 2434 422 2496 se
444 2435 542 2516 palam
567 2435 623 2497 suis
643 2431 756 2497 dicebat
777 2451 955 2497 tentaturum
977 2434 1098 2510 aditus,
1120 2434 1151 2499 ἃ
1171 2455 1236 2519 quoe

273 2513 448 2580 mollissima
468 2511 547 2578 sandi
568 2532 722 2596 tempora,
746 2515 811 2597 quis
832 2514 915 2581 rebus
936 2515 1036 2577 dexter
1057 2512 1184 2591 modus,
1205 2514 1238 2579 δι

274 2612 337 2679 quae
360 2594 544 2676 sequuntur.
573 2594 654 2658 Hinc
675 2595 727 2655 illa
752 2596 867 2676 vulgo,
901 2610 1091 2677 opportune,
1121 2595 1152 2656 in
1176 2594 1240 2678 ipso

275 2690 436 2757 tempore,
458 2694 506 2755 per
528 2689 644 2755 tempus
668 2674 815 2746 advenire
834 2676 906 2737 item
926 2694 993 2737 cum
1016 2691 1130 2755 tempus
1151 2694 1238 2738 vene-

273 2758 333 2825 rit;
355 2755 398 2815 ita
418 2754 541 2828 idoneo,
562 2774 595 2815 ac
617 2754 667 2816 suo
688 2770 818 2835 tempore
840 2756 878 2817 ali
900 2754 951 2816 uid
967 2754 1046 2826 fieri3
1068 2755 1111 2817 ita
1134 2776 1149 2817 e
1170 2775 1242 2817 com

273 2835 390 2908 trotio,
420 2834 542 2907 alieno,
573 2832 769 2916 athenisium,
798 2855 858 2897 non
878 2776 928 2898 suo
952 2853 1082 2917 tempore
1102 2854 1162 2897 rem
1185 2836 1238 2896 ali·

272 2934 363 2999 quam
385 2914 448 2995 geri
465 2958 471 2973 .
491 2914 564 2988 Quae
586 2930 719 2993 preterea
739 2928 802 2975 tem
824 2935 945 2989 vecors,
967 2932 1085 2996 tamque
1106 2916 1238 2994 petulans

272 2995 381 3061 mulier
395 2989 415 3135 J
428 2991 464 3053 de
488 2992 589 3054 nostris
615 2991 746 3074 loquor]
768 2993 890 3056 invento
911 2993 974 3068 est,
996 3013 1060 3077 quae
1082 2994 1114 3053 in
1136 2994 1237 3055 mariti

272 3073 373 3140 luttere
407 3069 479 3136 esic
500 3073 636 3146 ornarit,
656 3072 902 3153 quemadmodum
925 3072 945 3132 li
965 3071 992 3133 se
1012 3072 1131 3133 eandem
1153 3073 1184 3134 in
1205 3091 1236 3134 e·

272 3154 316 3231 lus
337 3150 452 3233 nuptiis
474 3150 659 3231 compsisset?
690 3149 725 3212 ln
749 3152 834 3221 hujus
856 3152 968 3212 ratione
989 3151 1140 3215 Leouardo
1160 3153 1237 3213 Ltu-

272 3235 384 3301 redtno
406 3231 598 3293 venetiarum
622 3228 748 3310 Principi
772 3232 885 3292 summe
902 3228 1056 3295 difficultas
1079 3230 1239 3314 aliquando

272 3313 373 3381 oblata
393 3310 458 3385 est,
487 3328 521 3376 ut
541 3309 642 3376 eodem
664 3327 818 3389 tempore,
847 3308 948 3372 eodem
970 3310 1000 3373 itt
1023 3310 1088 3373 loco
1104 3354 1119 3387 ,‚
1134 3308 1236 3374 eadem

272 3394 306 3457 de
324 3413 376 3469 re,
400 3391 446 3454 sed
468 3409 534 3453 tutn
556 3388 671 3453 diversn
691 3385 816 3469 personis
833 3389 863 3451 dt
880 3388 1005 3466 doleret,
1024 3390 1056 3453 &
1071 3390 1234 3454 letaretur.

271 3475 355 3540 Nem
384 3490 453 3536 cum
483 3470 545 3534 Rex
566 3468 672 3533 Gallie
692 3466 889 3531 tuto'Caessre
918 3468 1112 3545 conflixisset,
1142 3470 1236 3533 vido·

272 3555 407 3637 riamq'ue
428 3550 586 3612 Caesariani
608 3548 808 3632 reportassent,
831 3564 951 3631 uterque
973 3570 1072 3613 totum
1083 3550 1187 3627 Legati
1202 3550 1234 3611 in

273 3634 414 3701 Senatum
434 3630 471 3693 de
493 3650 572 3692 more
594 3628 749 3702 accedunt,
769 3628 822 3689 ille
842 3628 922 3691 suam
939 3629 1094 3692 villoriam
1112 3630 1156 3692 illi
1171 3644 1236 3706 gra·
1268 3660 1270 3665 ·

275 3714 415 3782 tulatur3
445 3709 518 3772 alter
538 3724 641 3772 contra
662 3710 741 3772 suam
764 3706 910 3769 fortunam
932 3709 1132 3791 conqueritur.
1153 3709 1235 3768 Tum

274 3786 512 3878 pudentitsmus
532 3787 622 3865 ,senex
651 3788 711 3850 his·
726 3806 807 3868 eque
828 3786 922 3929 rugiit
945 3804 1089 3928 utrunque
1108 3787 1236 3929 amit:
