3034 4559
561 451 974 533 DEJUDICIO.
1148 471 1201 533 203

278 534 423 620 quoniam
446 533 482 594 de
499 552 545 594 me
570 533 746 595 nominatim
765 535 893 615 quaeris,
923 531 936 622 [
956 530 1000 593 isti
1018 532 1096 594 suam
1120 550 1237 617 quoque

281 616 379 697 postea
395 614 567 675 sententiam
584 613 740 697 dixerint]
761 613 774 686 J
780 612 832 674 ulii
847 611 970 675 Camilli
995 614 1151 693 explicatio
1176 616 1239 676 val·

279 695 315 756 de
331 693 463 767 arridet,
483 693 535 773 qui
550 736 559 766 ‚
590 710 622 753 ut
638 692 694 753 suis
711 691 904 767 adversariis,
925 692 1003 771 quod
1024 709 1125 754 eorum
1146 710 1207 755 erat
1228 733 1238 768 ,

279 773 415 835 concessit
436 817 446 847 ,
466 771 503 832 ab
520 787 643 854 utroque
658 772 755 853 postea
773 772 949 853 ipse„quod
965 770 1046 833 suum
1069 771 1117 833 srbi
1133 772 1170 832 ad
1179 791 1257 851 per·.

278 851 388 915 seclum
402 847 548 923 ludicium
564 847 685 927 faceret,
705 850 830 913 modeste
846 850 1018 932 sumpserit.
1041 850 1081 911 Et
1098 851 1238 933 meaqui·

279 932 347 994 dem
371 929 512 993 sententia
536 932 579 992 ita
594 930 658 1005 est,
688 947 721 993 ut
737 924 861 992 eruditio
922 952 934 990 r
960 927 987 990 se
1004 932 1132 992 multum
1156 926 1237 1003 ludi·

281 1014 360 1073 cium
385 1009 504 1080 adiuvet
519 1031 527 1079 3
558 1027 663 1071 natura
680 1031 750 1072 vero
767 1010 843 1071 nihil
865 948 961 1082 odd&
991 1025 1146 1101 utrumque
1167 1024 1236 1072 vero
1249 1025 1257 1037 ²

281 1090 366 1152 fimul
381 1088 569 1159 conjunctum
585 1090 659 1152 illud
680 1090 829 1162 Judieium
848 1089 977 1163 efficiat,
1011 1092 1059 1151 cui
1076 1090 1151 1151 nihil
1167 1090 1236 1151 delr-

279 1170 420 1233 deretur.
442 1167 522 1230 Nam
538 1169 558 1229 fi
577 1169 654 1231 Cato
671 1213 681 1243 ,
700 1187 789 1252 atque
811 1170 997 1243 Alcibiades,
1017 1171 1168 1251 caterique
1191 1190 1239 1232 eo·

279 1266 345 1311 tum
367 1248 474 1309 similes
497 1270 516 1309 a
534 1249 582 1309 sua
607 1264 736 1324 natura,
767 1247 804 1310 ab
820 1262 888 1310 ortu
904 1248 954 1310 suo
973 1246 1066 1309 secum
1089 1244 1236 1319 Iudicium

279 1328 463 1403 extulerint,
492 1347 585 1409 neque
600 1328 652 1409 qui
669 1329 728 1400 ejus
744 1330 864 1409 optima
881 1343 989 1389 naturae
1011 1327 1077 1389 loco
1094 1370 1103 1400 ,
1123 1330 1237 1407 optima

279 1423 378 1470 rerum
397 1406 516 1469 scientia
537 1426 624 1469 erunt
641 1408 792 1482 instituti,
821 1407 871 1469 suo
886 1425 1004 1488 quoque
1019 1406 1127 1476 iudicio
1142 1418 1237 1469 carere

277 1487 427 1550 dicentur.
448 1485 530 1565 Quin
546 1486 619 1548 illud
636 1488 711 1548 addo
731 1486 829 1568 [quia
846 1507 905 1547 uon
919 1482 1055 1547 omnibus
1071 1504 1106 1550 ea
1121 1507 1140 1546 o
1162 1486 1236 1548 time

275 1583 381 1629 natura
393 1566 434 1627 est
449 1566 600 1649 ingenita]
620 1563 736 1647 sipaulo
745 1565 954 1628 obscurioribus
970 1566 1081 1627 naturis
1091 1504 1234 1640 studium,

277 1664 369 1727 atque
385 1666 479 1707 rerum
504 1646 636 1727 cognitio
653 1649 752 1727 praesto
767 1645 885 1721 aderit,
911 1645 942 1707 id
956 1660 1022 1706 non·
1039 1659 1143 1785 patum
1158 1644 1237 1715 adju·

277 1725 375 1787 tuenti
392 1725 451 1786 illis
466 1726 564 1787 afferre
579 1726 617 1787 ad
633 1726 835 1801 iudicandum,
856 1746 892 1815 ac.
905 1724 1022 1805 perinde
1059 1725 1099 1784 eri
1116 1763 1127 1799 ,
1146 1741 1236 1814 atque

275 1804 567 1867 filumen-obrusum
582 1805 614 1865 in
628 1803 754 1869 crassrori
777 1822 868 1867 cornu
884 1803 1026 1866 rnclusunr
1043 1843 1052 1878 ,
1073 1801 1153 1885 quod
1171 1823 1236 1886 qur·

276 1884 345 1946 dem
360 1881 437 1945 sorar
457 1885 569 1967 aliquid
591 1883 749 1965 splendoris
771 1888 888 1947 emittet
907 1902 916 1957 ς
944 1884 990 1946 sed
1010 1884 1106 1947 multo
1128 1883 1161 1947 ld
1177 1884 1236 1945 cla·

277 1964 338 2027 rius
360 1964 531 2040 emitteret,
562 1964 682 2046 srquod
709 1965 747 2027 ab
766 1966 891 2027 artificio
918 1964 1062 2038 habebit,
1092 1961 1235 2026 subtiliori

275 2060 395 2118 romu,
423 2058 511 2127 arque
531 2064 567 2105 eo
587 2044 726 2125 perunuo
747 2086 757 2120 ,
789 2043 978 2118 includatur,
1001 2061 1088 2125 atque
1111 2059 1233 2117 aurum,

275 2124 358 2265 pund
378 2123 412 2185 δι’
434 2124 534 2231 ipsum
555 2124 588 2184 in
614 2125 697 2185 venis
716 2140 797 2185 terra
824 2126 958 2205 gignitur
978 2125 1101 2183 omnino
1128 2124 1236 2202 pretio·

290 2222 372 2278 um,
400 2202 458 2265 sed
479 2219 631 2278 terreum,
661 2217 692 2264 at
712 2223 749 2264 ue
780 2204 952 2272 sordidum3
982 2202 1069 2263 cuis
1097 2200 1236 2277 magistre

276 2299 385 2344 manus
396 2323 412 2365 ,
439 2279 460 2344 sr
515 2284 611 2363 rgatio
630 2302 679 2344 acc
716 2300 774 2355 at,
803 2283 931 2342 multum
976 2296 1071 2359 noque
1090 2278 1122 2339 δι
1143 2278 1236 2358 splen·

274 2361 357 2429 doris
370 2371 392 2438 ,'
412 2362 446 2425 ἃ
488 2363 622 2443 ignitatis
642 2362 809 2422 accesserit.
837 2363 936 2436 Quam
999 2353 1101 2439 aglolii
1122 2356 1234 2419 senten·

275 2439 352 2503 tiam
370 2461 440 2505 cunr
459 2459 563 2503 ornnes
591 2439 845 2520 comprobassent,
872 2457 907 2500 nc
928 2437 1015 2520 probe
1043 2436 1157 2509 Iulium
1178 2438 1236 2500 Ca·

275 2522 397 2583 millum
413 2521 522 2582 sensisse
551 2518 763 2595 affirmassent,
792 2536 857 2581 tum
887 2519 1053 2591 surrexere,
1081 2533 1171 2599 atque
1201 2533 1234 2579 ut

274 2600 434 2681 cuiquem
476 2602 499 2661 is
522 2600 616 2662 visum
635 2597 702 2676 est,
729 2600 778 2661 hic
797 2600 879 2671 lruc,
910 2598 960 2659 ille
979 2598 1040 2659 alio
1068 2596 1234 2659 deambula·

276 2695 342 2742 turn
362 2680 438 2743 disce
459 2700 529 2742 ere.
561 2681 706 2742 Romulus
728 2699 798 2742 veto
816 2679 849 2741 δι
869 2676 1054 2739 Bonamicius
1073 2697 1141 2739 cum
1163 2677 1235 2739 San·

273 2758 345 2836 lio,
396 2762 426 2822 ui
444 2761 528 2822 domi
553 2776 622 2823 cum
654 2757 800 2841 Magiolio
828 2759 987 2832 rernanfit,
1014 2755 1152 2819 consestis
1180 2756 1234 2819 ali·

275 2856 352 2922 quot
416 2849 419 2854 ’
451 2839 514 2901 ibus
535 2835 659 2915 satiis,
687 2840 720 2900 ἃ
738 2839 790 2922 ipsi
816 2859 884 2900 eum
906 2839 1004 2901 valere
1032 2837 1153 2911 iussere,
1181 2837 1233 2898 do·

275 2939 418 3001 mumque
438 2918 520 2979 suam
540 2861 567 2979 se
584 2914 757 2981 contulere.
788 2915 859 2979 Haec
880 2919 971 2993 sunt,
1000 2918 1101 2997 Aloyli
1116 2916 1234 2998 amplis·

276 2998 371 3073 fime,
416 3015 458 3058 uae
479 3013 497 3058 a
516 2996 598 3057 nobis
617 2998 654 3057 de
673 2996 788 3069 Judicio
808 2996 911 3057 habere
932 3013 1030 3077 potes:
1052 2999 1083 3056 in
1096 3016 1233 3077 quomeo

269 3075 370 3140 offuio
391 3017 414 3139 sl
431 3075 486 3138 ribi
505 3075 681 3152 satisfecero,
701 3076 776 3136 milri
796 3078 853 3136 erit
895 3096 963 3137 uem
984 3072 1230 3155 gratissrnrum3fi

273 3159 393 3230 minus,
413 3178 507 3241 neque
527 3155 557 3218 id
578 3172 676 3216 tamen
699 3153 849 3236 in'gratum
869 3175 884 3215 e
926 3152 1077 3228 sutuuun,
1098 3153 1175 3235 quod
1193 3154 1234 3215 tu·

273 3236 305 3297 bi
325 3238 451 3301 omnino
473 3255 583 3305 morem
604 3234 713 3317 gelsrsso
737 3232 872 3298 videbor.
