3034 4559
518 459 550 533 ij
584 467 603 531 Ι
636 459 665 532 Β’
702 461 730 532 ἓ
767 473 795 531 R
853 460 924 533 'Hi'
1104 470 1142 553 89

218 539 357 617 &facete
377 548 516 632 usurpet:
547 554 639 611 Unum
655 551 786 631 penitere
807 553 882 611 ranei
902 573 955 612 mn
975 571 1054 613 mm.
1088 557 1181 633 Aut,

218 649 281 696 tum
303 632 363 693 Vir
388 630 492 713 probus
515 628 747 712 fignificabitur,
775 630 878 713 siquis
899 631 1034 693 dixerit:
1064 635 1180 715 Dignus

219 714 278 791 ιβ,
320 694 415 773 urium
436 710 466 769 in
485 708 602 770 tenebris
621 710 701 771 mices
722 755 729 769 .
761 711 848 786 Aut,
869 731 935 773 cum
952 712 1041 773 nimis
1067 714 1182 805 largum

217 791 292 855 intra
300 734 511 874 ieneficerrtiae
535 790 610 871 leges
628 788 810 852 retinendum
837 791 914 866 effe,
954 791 1009 852 hoc
1033 792 1179 874 quisptam

218 871 304 935 modo
321 888 355 933 at
376 886 427 932 ute
442 869 605 952 ptaecipiat:
628 869 751 948 Largitio
767 870 893 947 fundum
912 893 966 929 non
985 868 1083 931 habet.
1105 876 1178 949 Quae

218 951 334 1026 omnia,
403 948 552 1033 quaesunt
573 948 657 1018 huius
677 950 790 1031 generis
812 948 924 1032 reliqua
940 952 1177 1027 innumerabilia,

218 1031 360 1117 quoniam
376 1028 483 1112 'vulgo
502 1027 579 1091 satia
600 1030 666 1090 sunt
685 1029 853 1091 communia
873 1074 882 1103 ,
910 1050 969 1112 quo
1014 1030 1121 1093 rimum
1143 1032 1181 1094 ab

219 1129 249 1173 eo
278 1110 349 1171 sunt
369 1117 514 1189 accepta,
541 1128 576 1169 eo
599 1108 688 1171 modo
715 1109 783 1171 sunt
814 1124 954 1191 perpetuo
981 1050 1018 1171 ai
1044 1112 1179 1173 omnibus

221 1188 416 1252 communiter
440 1187 626 1269 usurpanda.
654 1188 741 1249 uiua
765 1208 859 1263 vero,
880 1190 937 1251 srre
954 1189 1101 1267 ridicula,
1121 1192 1181 1253 five

219 1267 296 1345 ioci,
327 1268 387 1329 five
430 1288 528 1350 uoquo
558 1268 678 1329 nomine
708 1269 767 1330 alio
788 1268 970 1350 appellentur
998 1272 1117 1352 magis,
1147 1271 1179 1333 &

220 1347 273 1413 haec
293 1368 330 1411 eo
355 1368 386 1409 m
425 1344 585 1429 oproferri
605 1345 697 1409 solent
725 1349 863 1428 integre,
892 1348 1041 1429 quomodo
1071 1349 1178 1411 sunta
1254 1357 1258 1364 '

221 1428 272 1489 fitis
294 1426 472 1489 Auctoribus
494 1427 625 1508 prolata3
649 1442 683 1487 ut
697 1447 763 1488 cum
780 1443 892 1487 novum
910 1426 1060 1489 hominem
1071 1429 1102 1488 in
1110 1449 1177 1489 con-

222 1506 318 1569 setium
342 1506 568 1588 ampliffimum,
590 1527 622 1567 ac
639 1527 674 1567 eo
696 1506 762 1568 loco
783 1507 906 1567 minime
927 1506 1076 1587 dignum,
1099 1506 1144 1567 sed
1167 1549 1178 1585 ,

222 1601 251 1647 ut
266 1585 319 1663 fit,
342 1587 511 1669 Principum
532 1586 606 1649 vitio
628 1584 747 1648 ascitum
767 1630 776 1661 ,
796 1587 892 1648 locum
914 1586 964 1647 fibi
982 1602 1177 1667 quaerentem,

222 1666 281 1750 quis
303 1666 341 1727 ad
362 1666 439 1728 hunc
460 1666 582 1730 modum
612 1663 702 1728 facete
724 1667 878 1727 mordear:
907 1670 951 1725 Te
965 1668 1092 1746 equidem
1113 1668 1179 1728 reci·

220 1755 330 1827 pereni,
352 1744 534 1828 nrfiemgufie
546 1746 692 1823 sederem.
715 1746 813 1821 Item,
838 1745 858 1806 sr
895 1762 960 1808 uem
983 1745 1010 1806 se
1026 1746 1113 1807 nimis
1136 1746 1180 1818 ja·

223 1822 344 1886 stantem
366 1826 397 1885 in
419 1824 531 1907 agendo
555 1840 720 1888 notaremus
746 1825 802 1888 hoc
819 1765 907 1888 moio
925 1846 932 1885 τ
953 1827 1032 1911 Quis
1053 1826 1176 1907 loquitur

222 1903 348 1964 eiinrre?
370 1904 466 1980 Item,
486 1905 506 1966 fi
524 1907 589 1988 quis
606 1906 638 1966 in
653 1904 780 1968 furacem
798 1906 912 1968 servum
931 1904 1004 1968 illud
1021 1904 1175 1988 amphibo-

223 1979 267 2043 lon
284 1983 422 2067 usurpet:
445 1985 527 2045 Solus
547 1985 599 2063 esi,
622 1987 668 2046 cui
683 1987 760 2046 domi
780 1984 854 2046 nihii
872 1986 909 2062 est
928 2008 975 2047 nec
990 1982 1174 2064 obſsguatum,

170 2101 171 2108 κ
223 2082 262 2124 rur
279 2064 440 2142 occlusum.
470 2064 518 2125 Ita
534 2065 565 2125 in
583 2065 659 2125 male
680 2065 833 2140 olentem,
854 2066 1066 2125 Circumvenrus
1081 2066 1147 2142 sum
1165 2109 1175 2139 ,

226 2140 317 2228 iquis
339 2144 460 2205 dixerit:
483 2145 503 2203 sr
521 2164 592 2205 vero
608 2144 703 2225 plures
721 2144 830 2205 adfinr:
851 2144 1044 2205 circumventi
1058 2145 1175 2220 sumus.

225 2216 265 2282 Ita
285 2222 357 2285 illud
380 2224 411 2284 in
435 2224 625 2299 adulterum,
656 2223 707 2306 qui
732 2224 764 2284 in
790 2222 866 2284 farto
892 2220 1079 2303 deprehensus
1106 2223 1170 2297 srr,

225 2315 280 2363 tum
301 2304 367 2385 quis
390 2303 607 2385 interrogaret,
636 2302 707 2385 quid
728 2303 902 2364 videretur?
924 2302 989 2382 quis
1021 2298 1172 2388 responde·

226 2396 282 2441 ret:
302 2384 423 2443 tardus.
444 2383 517 2458 Ita,
545 2401 612 2443 cum
630 2399 728 2461 parem
749 2382 875 2462 gratiam
897 2399 950 2441 nos
971 2379 1171 2460 promittimur

226 2459 370 2538 relaturos,
391 2483 426 2524 eo
442 2463 546 2524 modo:
569 2465 607 2521 Ur
620 2461 770 2538 sementem
784 2462 907 2540 feceris,
927 2460 968 2519 ira
984 2475 1079 2519 meros.
1103 2458 1170 2520 Sen-

226 2542 310 2602 tentia
328 2561 445 2625 quoque
465 2543 501 2603 iis
522 2540 587 2622 ipsrs
608 2538 729 2615 verbis,
749 2561 783 2602 eo
802 2539 863 2621 ipso
883 2539 998 2622 integro
1020 2537 1171 2600 conserva·

227 2629 252 2679 to
268 2620 382 2697 ordine,
425 2643 463 2683 uo
499 2621 556 2683 rius
572 2620 745 2701 ‚construere
768 2620 849 2697 sunt,
872 2618 946 2682 reiie
966 2616 1148 2702 proferuntur
1160 2631 1174 2690 ς’

171 2727 174 2750 ·.
227 2711 254 2758 ut
271 2701 374 2762 Cicero
394 2642 467 2762 iiiud
513 2700 615 2761 erentii
632 2700 773 2781 protulit:

170 2849 172 2856 Ι
291 2779 462 2859 Obsequium
476 2781 591 2855 amicos,
611 2781 716 2844 veritas
731 2780 824 2841 odium
839 2780 930 2861 parit.

170 2859 172 2876 '
224 2850 289 2918 Item
312 2857 386 2921 illud
408 2856 518 2921 Ennii:
818 2889 819 2893 ¹

290 2941 396 3014 Homo,
418 2941 468 3019 qui
488 2941 589 2999 erranti
608 2941 716 3001 comiter
736 2939 865 3015 monstrat
884 2940 982 3012 viam,

291 3018 386 3161 guast
402 3019 493 3079 lumen
513 3020 549 3080 de
562 3020 615 3096 fiio
634 3019 738 3079 lumine
758 3019 903 3093 accendat,
920 3019 1010 3096 facit,
1090 3080 1092 3083 y
1158 3073 1161 3082 ,

317 3116 330 3155 r
351 3096 530 3158 nibilominus
552 3096 607 3181 ipfi
623 3098 731 3176 luceat,
751 3120 812 3161 cum
833 3097 879 3155 illi
899 3094 1064 3158 accenderit.
1156 3106 1166 3129 ‘·

221 3170 314 3258 Neque
337 3176 368 3252 id
387 3197 447 3240 non
469 3178 531 3239 ita:

289 3258 316 3315 Ο
338 3258 423 3333 Tire,
440 3255 469 3332 Ji
486 3249 558 3338 q'uid
577 3279 623 3335 ego
643 3256 758 3334 adjuto,
780 3277 910 3316 curamve
929 3253 1050 3336 levaffo,

286 3337 364 3419 Qu
385 3360 457 3401 nunc
477 3356 503 3397 re
522 3338 628 3416 coquit,
650 3334 689 3396 (r
709 3337 802 3413 versat
815 3332 871 3415 sub
888 3334 992 3417 petiere
1004 3333 1084 3411 rixa,

287 3416 401 3496 Ecquid
418 3418 468 3476 erit
483 3414 602 3497 premi?

215 3487 285 3554 &in
310 3497 420 3557 certeris
447 3495 482 3557 ad
508 3496 585 3558 hunc
610 3495 730 3558 modurn
747 3493 905 3557 omnibus.
932 3494 1074 3557 Definitio
1102 3493 1163 3554 sen-

213 3573 330 3635 tentiam
348 3575 503 3657 sequitur,
525 3574 672 3637 utillud:
694 3580 753 3667 Jus
773 3594 900 3651 uarurae,
921 3576 995 3655 quod
1014 3571 1090 3634 nobis
1110 3593 1163 3631 nou

211 3653 310 3729 opinio,
325 3655 381 3732 sed
402 3655 528 3735 quedam
550 3656 646 3713 innata
666 3678 713 3715 vis
735 3656 838 3734 affert,
857 3672 889 3714 ur
908 3655 1086 3735 religionem,
1102 3650 1162 3728 pie·

209 3746 304 3809 taren,
321 3734 458 3815 gratiam,
479 3734 715 3810 vendicationem,
736 3735 893 3794 veritatem.
915 3733 963 3793 Ita
977 3753 989 3791 .·
1004 3734 1062 3809 Jus
1078 3728 1162 3788 Civi-

206 3806 231 3869 ie
244 3811 280 3893 esi
296 3815 413 3899 equitas
429 3814 572 3894 constitura
585 3814 647 3891 iis,
667 3815 716 3895 qui
737 3815 859 3894 ejusdem
873 3813 945 3895 sitne
964 3808 1103 3872 Civitatis
1121 3808 1161 3869 ad

418 3912 420 3917 ¹
1080 3909 1121 3949 res
