3034 4559
413 470 471 513 110
550 448 1112 512 DE..IM1TAT·10NE

370 551 407 613 ge
426 525 545 591 inferior
565 525 707 591 videbitur
728 526 903 608 Longolius.
932 524 1011 604 Quid
1032 530 1111 590 enim
1142 524 1237 609 quaeso
1260 502 1332 596 huisN

367 610 501 671 membro
520 606 557 669 ab
576 605 711 669 omnibus
732 606 787 667 suis
810 606 936 687 partibus
959 607 1045 668 deesse
1067 605 1177 688 potest?
1205 607 1327 668 Omitto

368 690 490 751 verbum
511 685 621 760 verbo,
641 707 701 747 tem
722 687 764 748 rei
784 685 911 750 conferre
930 687 962 748 in
981 708 1011 748 re
1031 704 1091 748 ram
1113 683 1282 754 manifesta3
1298 683 1327 746 id

367 769 459 831 audeo
479 767 597 839 dicere,
618 765 797 845 Longolinm
816 767 935 846 gravius
955 768 1117 848 conqueri,
1137 767 1189 847 qui
1207 784 1270 830 non
1284 762 1327 826 sn·

367 850 431 910 ium
451 846 563 919 verba,
582 844 689 933 quibus
707 862 803 925 agat,
822 845 973 909 sedetiam
995 866 1055 908 rem
1071 892 1085 923 ,
1103 845 1137 908 de
1159 865 1219 927 qua
1239 858 1329 925 agat,

368 929 418 990 fibi
438 926 527 988 deesse
545 926 747 1015 conqueritur.
776 923 1034 988 Cauffemautem
1054 946 1144 1017 quam
1164 943 1268 986 veram
1289 919 1327 984 af·

365 1009 456 1080 ferrat,
472 1024 562 1088 qnam
583 1005 709 1066 alienam
729 1026 747 1066 a
763 1004 912 1078 Ciceronis
934 1004 1047 1080 cauffn,
1063 1005 1121 1087 ipse
1141 1004 1244 1077 vides,
1259 1021 1324 1064 cum

365 1087 464 1168 inquit
480 1129 491 1159 ‚
508 1084 656 1164 prasertim
674 1083 713 1157 st
731 1103 792 1148 tam
827 1087 904 1166 longo
927 1084 1076 1156 intervallo
1099 1084 1193 1144 literas
1214 1084 1325 1144 darem.

366 1168 438 1230 Non
457 1162 562 1226 faciem
583 1164 615 1227 in
635 1164 683 1227 his
702 1162 982 1236 commutationibus
1005 1163 1135 1244 longius.
1164 1162 1277 1228 Poffem
1298 1182 1326 1226 er

264 1316 266 1321 ,
364 1246 428 1335 nipt
450 1261 547 1306 totum
567 1244 746 1325 Longolium
771 1245 802 1306 in
823 1246 898 1307 hanc
920 1260 1031 1324 partem
1052 1241 1233 1317 describere,
1252 1242 1276 1304 st
1293 1262 1325 1306 o·

366 1345 448 1385 mnes
467 1323 528 1393 eius
547 1324 793 1388 commutationes
812 1324 943 1406 persequi
964 1323 1055 1384 velim
1072 1344 1081 1393 3
1102 1322 1219 1404 jamque
1234 1321 1274 1384 ad
1289 1329 1322 1382 'ee

362 1404 449 1476 hujus
477 1402 565 1486 ipfius
583 1423 664 1467 exem
686 1403 741 1478 la,
769 1423 832 1485 quae
853 1403 999 1466 interioris
1027 1402 1091 1463 sunt
1120 1399 1324 1478 imitationis3

357 1484 502 1547 devenio.
527 1482 632 1545 Cicero
664 1482 775 1547 cribens
806 1483 842 1545 ad
861 1482 1066 1558 Memmium,
1092 1481 1161 1546 ait:
1187 1478 1252 1554 Etsi
1270 1502 1321 1540 non

355 1564 430 1642 serris
443 1563 514 1623 mibi
527 1562 697 1638 constiterat,
710 1586 771 1626 cum
787 1563 884 1642 aliqua
899 1585 933 1621 ne
947 1562 1035 1620 animi
1050 1562 1105 1620 mei
1119 1559 1265 1638 molestia,
1285 1580 1320 1620 ate

357 1644 454 1722 potius
469 1639 583 1705 libenter
596 1659 625 1699 te
637 1639 755 1705 Athenis
774 1642 885 1719 nisrrrm
900 1641 996 1719 effren,
1012 1643 1086 1719 quod
1100 1640 1224 1717 injuria,
1238 1659 1321 1719 quant

360 1722 487 1803 accepisti
500 1765 510 1794 ,
530 1720 621 1780 dolore
637 1742 682 1780 me
693 1719 810 1795 afficerer
824 1743 837 1789 ‚·
852 1720 991 1801 sapientia
1006 1738 1056 1780 tna
1072 1765 1082 1794 ,
1100 1742 1157 1799 qna
1171 1721 1229 1797 serr
1246 1719 1323 1799 inje-

359 1802 454 1873 riam‚
472 1799 572 1859 latitia
587 1820 601 1869 ς
627 1817 719 1859 tamen
739 1819 768 1859 te
785 1800 890 1880 vidiffe
911 1799 1044 1862 mallem.
1064 1802 1139 1862 Nam
1159 1842 1172 1873 ,
1189 1800 1265 1878 quod
1284 1795 1318 1874 eil

360 1879 510 1955 molestia,
536 1900 589 1936 non
606 1878 678 1954 sam
699 1879 788 1941 multo
809 1878 902 1942 lecim
923 1880 985 1957 est,
1010 1902 1075 1940 cum
1097 1896 1126 1938 re
1141 1901 1195 1947 non
1211 1878 1318 1944 video:

358 1959 436 2039 quod
450 1956 502 2037 effe
511 1956 605 2037 potuit
620 1959 774 2037 voluptatis
789 2003 801 2033 ,
819 1977 887 2019 certe
899 2003 912 2034 ,
923 1957 954 2034 st
965 1958 1093 2038 uidiffem
1107 1977 1151 2032 te,
1165 1958 1234 2038 plus
1245 1955 1318 2037 fuis·

353 2038 416 2115 set.
437 2035 600 2114 Longolius
621 2053 721 2099 autem
750 2038 787 2102 stc
812 2037 909 2101 locum
939 2038 981 2102 est
1006 2038 1158 2100 imitatus.
1185 2038 1317 2100 Nondum

353 2118 441 2197 plane
454 2116 626 2193 constitutum
641 2114 722 2176 babeo
737 2162 748 2193 ,
763 2118 832 2199 plus
850 2142 885 2180 ne
906 2120 1058 2199 voluptatis
1074 2162 1086 2194 ,
1103 2141 1142 2180 an
1162 2117 1266 2178 doloris
1283 2136 1316 2178 ex

356 2199 414 2258 cuis
435 2195 522 2259 literis
541 2198 671 2257 traxerim
690 2217 701 2267 3
729 2199 909 2281 voluptatis,
935 2199 1008 2278 quod
1028 2195 1217 2266 incredibilem
1237 2216 1315 2258 tuam

355 2299 421 2356 erga
446 2298 490 2336 me
515 2273 731 2336 benevolentiam
746 2278 854 2360 prese
869 2281 998 2357 serrrnr3
1028 2277 1156 2353 doloris,
1177 2278 1253 2357 quod
1271 2295 1316 2336 me

355 2355 528 2417 humanitate
549 2354 602 2418 abs
616 2375 644 2416 te
666 2356 797 2433 villum,
818 2381 866 2419 nec
888 2356 959 2417 mibi
974 2360 1035 2438 jam
1049 2358 1181 2438 integrum
1195 2358 1249 2433 effe
1269 2356 1314 2416 vi·.

353 2439 461 2512 deam,
479 2458 513 2495 ea
526 2436 661 2513 adversus
679 2454 708 2496 te
725 2438 856 2518 usirrpare
874 2437 988 2511 officia,
1013 2460 1072 2515 qua
1091 2457 1124 2494 tu
1143 2437 1229 2496 amice
1250 2437 1314 2516 qui⁶

354 2518 417 2578 clem
432 2560 443 2590 ,
459 2516 515 2594 sed
528 2537 586 2574 meo
604 2536 706 2592 magno
717 2518 824 2593 pudore
839 2517 1034 2641 preriperifles.
1047 2559 1052 2573 2
1063 2514 1176 2595 Ecquid
1198 2515 1255 2574 hoc
1270 2516 1313 2576 lo·

353 2618 389 2659 co
404 2596 574 2657 desideratur
588 2594 625 2653 ad
641 2612 740 2656 veram
758 2594 966 2657 imitationem.
995 2593 1105 2654 Eadem
1126 2593 1165 2653 est
1185 2594 1312 2673 propost-

352 2676 423 2747 tio,
443 2674 543 2735 eedem
565 2670 768 2751 propositionis
785 2672 886 2745 ratio,
906 2692 967 2732 una
989 2688 1055 2734 tota
1076 2671 1116 2731 est
1141 2672 1184 2730 rei
1200 2690 1312 2748 pertra-

353 2752 469 2821 flati05
489 2748 579 2811 verbe
596 2768 657 2808 non
676 2747 803 2822 eadem,
824 2748 965 2813 sedidem
989 2770 1098 2828 magna
1120 2770 1154 2808 ex
1180 2765 1260 2828 purte
1277 2753 1311 2813 sr-

351 2828 537 2910 gnificantia.
557 2824 607 2888 Est
622 2826 694 2886 item
710 2828 766 2889 hoc
781 2828 933 2890 Ciceronis
948 2828 985 2891 ad
1003 2830 1132 2891 Paetum.
1152 2829 1308 2910 Dupliciter

350 2906 500 2966 delebimus
514 2904 582 2981 sum
601 2906 658 2963 tuis
677 2906 791 2983 literis,
810 2908 848 2969 ib*
868 2911 942 2987 quod
962 2908 1020 2990 ipse
1038 2906 1109 2984 rifi,
1128 2908 1167 2970 (θ’
1188 2913 1264 2988 qnod
1281 2929 1310 2971 te

350 2987 477 3049 intellexi
494 2985 569 3066 poffe
584 2985 686 3046 ridere.
715 2986 802 3050 Hanc
816 3007 933 3070 quoque
959 3005 1070 3070 partem
1086 2991 1252 3069 Longolius
1270 2989 1307 3050 fic

349 3064 390 3129 est
413 3066 563 3131 imitatus.
581 3065 662 3127 Varie
678 3067 746 3148 sum
762 3066 843 3128 bodie
860 3070 918 3128 tuis
933 3069 1020 3129 literis
1035 3070 1164 3147 affeblur.
1186 3073 1260 3152 ‚Qua
1278 3092 1305 3127 e·

350 3148 408 3207 nim
423 3148 512 3222 officia
533 3164 582 3207 ma
596 3145 627 3205 in
640 3168 683 3205 me
704 3147 925 3211 commemorabas
941 3194 950 3223 ,
966 3152 1080 3227 fuerunt
1102 3147 1172 3206 mibi
1188 3173 1243 3211 non
1260 3149 1302 3206 in·

342 3226 449 3302 suarm
466 3248 475 3295 ;
514 3248 552 3286 ua
566 3248 629 3288 vero
644 3226 685 3287 ad
699 3244 727 3287 te
739 3227 790 3305 effe
804 3228 928 3290 allatam
939 3224 1137 3307 fignificaiae,
1156 3226 1227 3287 mibi
1250 3228 1302 3309 epi·

341 3304 441 3382 stolam
455 3249 641 3441 nesqciobqaam
655 3324 732 3366 tuam
747 3330 799 3367 non
809 3308 884 3385 fietis
895 3307 1030 3388 probari,
1051 3308 1128 3366 band
1143 3308 1299 3369 mediocrem

345 3384 495 3461 molestiam
509 3386 548 3442 mi
567 3385 759 3448 iarrulerunt.
778 3388 943 3468 Dupliciter
964 3386 1120 3447 deleiintus
1137 3390 1177 3452 est
1197 3387 1298 3449 Cicero

347 3484 383 3525 ex
398 3463 484 3524 amici
501 3463 590 3522 literis
608 3485 617 3521 ε
636 3465 798 3542 Longolius
815 3468 921 3546 partim
937 3468 1073 3540 lecturus,
1097 3469 1202 3545 partim
1219 3467 1298 3529 dolo·

346 3563 378 3605 re
399 3542 439 3603 est
462 3540 594 3604 affeiius.
616 3541 750 3604 caussam
777 3561 898 3627 uterque
919 3542 1002 3606 affert
1027 3545 1133 3617 suem3
1155 3546 1201 3607 seu
1222 3546 1299 3631 quod

345 3622 449 3687 Cicero
463 3621 561 3704 paucis
583 3620 706 3683 absolvit
723 3669 734 3697 ,
752 3626 913 3705 Longolius
938 3626 1049 3686 fortasse
1069 3626 1166 3686 caussae
1183 3626 1240 3690 suae
1255 3626 1303 3687 de·

347 3701 488 3777 serviens,
510 3703 589 3763 suam
605 3701 734 3780 pluribus
751 3704 954 3783 perttaeiavit.
974 3706 1114 3780 Quetitut
1130 3706 1201 3766 item
1220 3706 1304 3767 Cice·

258 3783 260 3789 '
348 3800 408 3859 to,
428 3783 455 3844 se
472 3802 533 3843 non
548 3780 652 3845 habere
676 3783 723 3845 cui
740 3800 807 3848 tuto
822 3785 920 3847 literas
941 3784 1004 3847 suas
1020 3785 1212 3864 committat,
1235 3805 1303 3877 cum

1228 3882 1272 3932 art
