3034 4559
401 455 457 515 232
539 434 875 499 GASPARIS
914 431 1121 494 SARDI

358 511 447 595 censeo
462 517 555 596 itaque
572 538 671 576 novam
685 512 757 575 hanc
772 510 921 594 opinionem
935 514 1160 588 examinandam,
1169 510 1323 594 &absque

360 596 502 658 verborum
527 600 591 675 fuco
615 642 624 669 ‚
648 595 897 671 sententiarumque
925 592 1053 654 lenocinio
1089 594 1321 670 discutiendam,

358 700 420 739 cum
436 679 541 737 veritas
556 677 654 737 exotico
670 696 721 733 non
737 672 861 751 indigeat
875 691 1026 733 ornamento
1042 717 1052 747 ‚
1072 696 1118 735 nec
1136 671 1173 745 fir
1193 674 1255 733 Viro
1275 674 1321 732 di·

354 758 497 838 gnum‚in
522 757 612 816 variis
621 754 820 832 sententiarum
840 751 1011 833 opinionibus
1032 753 1182 827 amicitiam
1203 752 1254 828 effe
1269 750 1322 812 vel

354 836 554 912 diffitendum,
583 840 630 895 vel
646 834 852 895 dilacerandam
869 877 879 907 ‚
896 850 977 913 prout
991 834 1061 910 feeit
1084 831 1166 910 noster
1187 833 1322 893 Amicus.

353 917 426 978 Dixi
451 937 459 984 ς
483 914 511 989 fi
530 915 595 993 usus
616 914 746 995 loquendi
767 914 901 990 Asellium
924 911 1090 992 approbaffet
1104 957 1114 987 ,
1129 909 1201 985 ficut
1222 912 1320 989 Atelli-

355 1019 423 1055 num
444 996 483 1055 (⁹⁰
503 994 637 1073 Ellensem
654 1038 663 1069 ,
683 990 791 1054 dolium
813 992 884 1053 hunc
905 995 1000 1053 Virum
1015 993 1187 1072 sequendum
1203 989 1323 1064 arbitra·¹

355 1097 420 1147 rer,
441 1097 488 1136 nec
506 1075 644 1155 puderet,
663 1096 705 1134 me
721 1075 808 1150 fateri
827 1071 898 1132 bano
917 1094 1009 1134 vocem
1024 1069 1151 1130 basianus
1172 1072 1321 1153 ignoraffe,

354 1176 438 1233 quam
460 1155 664 1235 ignoraveram.
686 1153 755 1214 Ideo
779 1174 838 1213 non
858 1150 1098 1229 contradicendi,
1121 1151 1167 1213 sed
1185 1150 1324 1226 veritatis⁴

352 1232 524 1312 indaganda
545 1236 664 1314 gratia,
686 1235 832 1294 calamum
855 1233 977 1313 arripui.
1320 1281 1323 1286 .

392 1314 462 1374 Dixi
479 1334 486 1373 τ
509 1316 601 1374 Parvi
615 1315 711 1391 refert,
727 1310 897 1394 approbent,
926 1312 1087 1391 rejiciantve
1109 1304 1239 1385 indosii,
1259 1330 1324 1390 que.

344 1390 467 1472 scripss,
488 1416 506 1452 a
527 1392 626 1474 quibus
647 1394 761 1453 laudari
781 1392 880 1453 nolim.
910 1395 1009 1452 Eorum
1030 1414 1145 1469 namque
1164 1390 1230 1451 laus
1251 1411 1325 1468 veras

348 1472 413 1531 laus
441 1496 494 1533 uon
515 1474 568 1551 ess.
603 1473 660 1533 ldeo
690 1472 841 1550 EpiSierum
880 1473 1001 1533 Stoicum
1024 1471 1137 1551 sequor.
1166 1471 1322 1549 Silentium.

349 1554 423 1611 enirn
444 1575 517 1612 amo,
550 1556 612 1616 Nec
635 1553 844 1633 reposuissem:
874 1548 929 1626 nist
946 1551 1027 1612 tacite
1054 1550 1217 1629 laceffisus5
1247 1549 1322 1612 cum'

346 1630 448 1692 scirem
476 1634 634 1716 quicquam
663 1632 859 1695 evomendum
887 1653 948 1694 non
977 1629 1054 1705 esse,
1083 1629 1160 1712 quod
1191 1651 1253 1691 non
1281 1629 1313 1691 slt

347 1712 518 1773 concesium
536 1715 552 1787 ,s
575 1734 611 1774 ne
633 1712 767 1775 &nobis
797 1711 872 1786 alii,
899 1711 1003 1774 &nos
1025 1710 1089 1771 aliis
1111 1709 1201 1770 risum
1216 1709 1321 1792 'paria-¹

345 1809 430 1851 mus.
460 1794 546 1852 Mens
567 1794 645 1853 enim
676 1812 741 1852 mea
760 1791 896 1869 augurari
925 1792 1001 1852 mihi
1024 1788 1202 1863 videbatur,
1235 1788 1310 1851 hunc

346 1867 459 1929 Virum
489 1871 520 1930 in
543 1874 600 1932 mei
631 1871 759 1932 nominis
791 1870 910 1930 dedecus
940 1869 1041 1940 iniuste
1071 1868 1321 1931 insurreerurum..

346 1945 417 2009 Ideo
437 1948 565 2010 subdidi.
586 1951 672 2028 instar
691 1949 929 2029 vespertilionum,
947 1950 995 2029 qui
1016 1949 1083 2009 dum
1104 1973 1190 2032 neque
1210 1972 1312 2022 mures,

348 2049 436 2105 neque
465 2051 534 2089 aves
557 2030 650 2107 ssent,
680 2048 824 2108 utrumque
853 2048 943 2089 samen
974 2048 1076 2090 tensare
1095 2030 1215 2091 audent.
1245 2028 1312 2092 Dixi

345 2125 483 2187 praeterea
502 2131 510 2179 ;
532 2132 577 2189 ego
597 2110 751 2192 opinionum
768 2109 914 2187 fallaciis,
930 2107 1009 2189 quali
1027 2108 1123 2170 morbis
1143 2108 1233 2170 animi
1249 2126 1322 2192 pra»,

346 2186 436 2263 cipuis
456 2189 545 2266 refelli
560 2194 666 2269 gaudeo
683 2198 700 2265 ,¹
722 2190 761 2250 (Ψ
783 2188 922 2249 abortivas
944 2189 1139 2250 malevolorum
1161 2213 1252 2271 nugas
1267 2190 1319 2268 fe.

347 2266 400 2327 sile
427 2286 578 2331 contemno.
609 2274 677 2346 Qua
699 2270 733 2331 de
762 2270 854 2331 caussa
884 2271 988 2330 Amico
1012 2266 1107 2332 nostro
1128 2269 1307 2331 immortales

346 2347 456 2485 {satias
479 2369 589 2428 agam,
610 2349 630 2409 sr
652 2371 710 2425 ea,
731 2370 795 2431 quae
816 2370 861 2410 me
882 2348 939 2410 effu
961 2368 1067 2423 erant,
1088 2351 1182 2411 amice
1203 2346 1310 2431 supple-

369 2428 407 2488 it.
431 2428 536 2488 Fateor
557 2445 671 2503 tamen,
696 2450 743 2489 me
765 2429 874 2510 semper
895 2371 969 2490 velie
993 2423 1135 2493 Atellinos
1159 2428 1190 2491 δι
1208 2429 1309 2502 ¹Ellen-

346 2504 388 2565 ses
408 2507 553 2587 Principes
575 2510 682 2569 noslros
705 2511 865 2588 appellare.
888 2508 950 2588 Ipse
972 2554 981 2582 ‚
1002 2530 1061 2591 quo
1085 2509 1182 2582 velit,
1205 2530 1310 2589 cogno·

346 2586 426 2645 mine
455 2606 555 2648 vocet.
586 2592 648 2649 Nec
671 2590 745 2648 Viro
768 2590 812 2650 isti
834 2588 1060 2668 rescripsissem}
1078 2589 1128 2650 nisr
1150 2590 1187 2650 ab
1209 2587 1306 2649 amicis

346 2665 462 2725 coellus
484 2665 609 2727 fuissem.
632 2668 777 2727 Historico
798 2670 875 2728 enim
908 2689 966 2728 non
996 2669 1064 2729 licet
1103 2669 1130 2728 in
1157 2670 1201 2733 his
1225 2667 1305 2748 nugis

346 2740 437 2802 bonas
462 2745 546 2804 studii
570 2746 653 2805 horas
676 2746 833 2807 collocare.
858 2747 999 2809 Fabulam
1022 2748 1113 2829 igitur
1133 2745 1306 2822 finiendam,

348 2822 533 2903 receptuique
555 2825 715 2884 canendum
737 2826 788 2886 esse
811 2826 925 2887 censeo.
949 2828 1042 2888 Vale.'

417 2979 939 3049 BARTHOLOMIEUS
979 2982 1243 3050 RICCIUS

707 3145 755 3207 Ad
781 3146 945 3208 Leilorem.
989 3131 993 3137 .

346 3303 454 3443 AB
475 3321 497 3363 ae
519 3302 633 3366 uiss'rmo
654 3306 753 3367 animo
775 3322 826 3368 tuo
842 3325 935 3389 pet0,
956 3300 1154 3372 Eruditiffime
1174 3306 1301 3382 Leston

443 3398 476 3443 ut
497 3403 513 3440 a
555 3385 609 3444 hoc
631 3387 676 3445 die
699 3386 776 3449 sexto
801 3388 868 3449 Idus
888 3389 968 3459 Junii
990 3391 1026 3450 ad
1048 3410 1158 3451 nonum
1180 3390 1244 3451 Cal.
1257 3390 1302 3461 Ju-

347 3459 382 3520 lii
405 3462 625 3539 annipraesentis
648 3466 734 3544 probe
754 3489 851 3528 curare
874 3469 962 3541 velim
979 3491 1041 3552 quae
1058 3469 1222 3532 dosliffimo
1239 3469 1314 3550 huic-⁴

346 3540 423 3631 ¹Viro
445 3540 560 3629 strips,
582 3564 617 3602 ne
638 3547 797 3607 auscultent
820 3547 974 3629 Corycaei,
996 3568 1047 3611 aut
1069 3547 1216 3631 Myonesii
1234 3597 1243 3625 ‚
1259 3543 1303 3611 sed

345 3642 377 3680 m
400 3626 497 3698 primis
521 3622 696 3702 Paedaqogi,
719 3628 900 3709 pedissequi,
921 3628 1138 3710 Sycophanta,
1160 3628 1303 3693 Paedoma-

344 3700 438 3777 thas,
466 3722 518 3762 nec
549 3703 736 3781 Pedorrrbae,
768 3708 989 3789 Archimagiri,
1018 3710 1216 3782 Archontici‚
1247 3708 1303 3771 Mi·

343 3783 511 3856 mallones,
540 3782 717 3861 Baliares,
744 3786 887 3867 Tyades‚
913 3788 1084 3871 Ogygidae,
1104 3812 1158 3855 nec
1179 3790 1301 3854 Histrio·

1190 3893 1266 3949 nm,
