3034 4559
1081 463 1138 526 υς

221 540 768 706 {nisinuis
834 549 1171 696 sinor

304 798 922 914 “ermom

220 1003 328 1098 'Qua
366 997 453 1099 apud
485 995 670 1076 candidum
709 996 894 1070 Leciorem
926 995 967 1069 de
997 996 1158 1095 quodam·

367 1110 504 1186 erudito
536 1108 626 1183 Viro
656 1109 739 1211 juste
772 1106 1016 1209 conqueritur.

323 1343 338 1346 ff
364 1344 398 1384 «t
415 1314 578 1399 Ogitabam
609 1316 737 1378 multum
758 1360 768 1390 ,
795 1317 907 1398 diuque
928 1335 1045 1379 mecum
1074 1317 1176 1383 animo

228 1398 229 1403 ’
279 1397 315 1458 Α.
338 1411 347 1471 l
372 1409 402 1476 ‚l
429 1396 603 1470 volvebam,
625 1396 731 1457 Lettor
750 1397 900 1471 candide,
922 1418 993 1460 num
1015 1416 1070 1477 ego
1092 1440 1102 1471 ,
1144 1401 1175 1461 ui

221 1548 222 1552 Ἰ
311 1485 342 1558 '235
379 1513 388 1528 ,
431 1477 463 1538 in
480 1476 617 1555 provedia
637 1491 720 1536 atate
728 1476 901 1538 constitutus
911 1478 1127 1551 Atestinorum,

246 1562 330 1626 utut
361 1553 408 1636 J
433 1554 622 1636 stenfiumque
652 1556 818 1635 Principum
850 1555 1072 1618 commentaria
1105 1555 1178 1626 jam·

223 1627 355 1681 f-ss
395 1627 410 1674 ‘l
431 1635 482 1696 diu
504 1636 631 1707 encudo,
651 1633 797 1703 cujusdam
818 1635 923 1697 eruditi
953 1636 1021 1696 Viri
1051 1634 1177 1715 epistola

213 1714 251 1776 ad
283 1714 519 1776 HERCULEM
542 1714 756 1775 ATESTIUM
786 1714 1002 1779 FERRARIAE
1023 1715 1178 1782 Pnlucu

212 1794 305 1857 PEM
327 1795 491 1874 inscripta,
514 1794 648 1874 typisque
670 1794 785 1855 excullae
817 1794 1029 1875 responderem.
1060 1795 1096 1855 In
1117 1818 1178 1881 qua

213 1875 235 1935 fi
258 1873 422 1952 scripsisset,
450 1874 477 1933 se
495 1874 609 1954 opinari
632 1873 799 1952 Principum
821 1876 984 1937 nostrorum
1013 1894 1048 1936 co
1071 1898 1184 1941 nomen

214 1954 269 2015 elle
289 1953 456 2028 Arellium,
477 1975 529 2014 nec
551 1974 616 2027 eos,
637 1954 689 2036 qui
712 1953 841 2015 Estenses
863 1973 987 2031 vocant,
1009 1895 1177 2018 barbanu»

235 2033 267 2094 ui
288 2033 319 2093 ἃ
335 2031 452 2093 scribere
472 2032 661 2107 affirmasset,
692 2053 755 2092 mea
773 2034 874 2114 utique
898 2036 1039 2114 responsio
1059 2037 1107 2098 vel
1128 2057 1178 2097 au-

214 2053 288 2186 dar,
310 2112 360 2173 vel
376 2110 544 2193 importuna
558 2110 650 2172 videri
667 2113 820 2191 potuisset,
841 2133 908 2173 cum
929 2115 1064 2175 nonnulli
1082 2116 1178 2177 inhac

213 2190 378 2254 seliciorum
402 2193 433 2253 in
454 2192 586 2253 eniorum
607 2206 691 2252 aetate
711 2191 767 2251 sint
786 2191 991 2271 praeclarissimi
1010 2194 1102 2268 Viri,
1122 2196 1181 2274 qui·

214 2271 362 2333 Atestinos
383 2272 414 2333 δι
464 2271 564 2332 stenses
585 2286 712 2340 vocant,
731 2290 786 2349 ego
808 2287 906 2332 autem
928 2292 1020 2346 unus,
1040 2271 1179 2352 siylomi-¹

214 2369 269 2413 nus
298 2371 388 2490 poam
411 2348 551 2413 mediocri
566 2347 590 2425 ,¹
606 2348 689 2409 ausus
711 2347 823 2411 fuissem
845 2351 972 2432 eleganti
1002 2351 1087 2420 huius
1109 2353 1177 2413 Viri

215 2431 340 2511 epistoae
362 2450 524 2514 reponere,
546 2427 700 2510 praesertim
721 2449 790 2491 cum
812 2430 895 2492 nulla
916 2431 1043 2493 nominis
1065 2430 1122 2491 mei
1145 2433 1179 2493 in

213 2531 249 2572 ea
271 2510 412 2571 habeatur
432 2510 559 2572 relatio.
588 2506 703 2571 Verum
724 2529 791 2571 cum
813 2509 846 2571 sae
868 2510 911 2572 ius
939 2511 975 2572 de
1003 2511 1180 2592 cognomine

215 2590 328 2653 Atestio
350 2610 448 2651 coram
474 2589 566 2652 locuti
582 2587 722 2652 fuerimus
753 2588 767 2670 [
783 2606 816 2651 ut
834 2530 884 2651 sibi
901 2589 977 2652 testis
994 2589 1033 2651 est
1049 2590 1180 2653 eruditus

214 2670 265 2731 isle
282 2668 295 2750 ]
319 2669 439 2751 luceque
457 2669 616 2732 meridiana
632 2670 736 2732 clarius
753 2670 945 2745 intellexerit,
966 2690 1013 2731 me
1027 2670 1183 2753 praeclaris·

192 2781 195 2787 ·
217 2751 302 2810 fimas
320 2748 481 2815 Ellensrum
501 2750 670 2831 Principum
692 2749 734 2811 res
745 2750 835 2830 gestas
857 2749 949 2812 literis
970 2751 1080 2824 jamdiu
1097 2771 1180 2813 man·

215 2831 302 2904 dare,
325 2828 430 2913 eosque
455 2830 601 2892 Atestinus
623 2830 653 2892 br
675 2828 805 2891 Eilenses
827 2850 1008 2911 nuncupare,
1029 2832 1121 2893 tacito
1143 2832 1180 2893 li·
1225 2852 1228 2858 ’

216 2926 262 2973 cet
282 2910 404 2971 nomine
425 2930 512 2982 meo,
534 2909 721 2987 intelligere,
741 2926 895 2991 aperteque
915 2911 1069 2991 perspicere
1094 2911 1188 2991 potui'

215 3010 252 3051 ex
273 2989 338 3064 bis,
359 3008 423 3071 quae
432 2987 597 3063 subjiciam,
619 2990 697 3049 hunc
706 2990 814 3049 Virum
839 3008 923 3067 penes
945 2990 1109 3069 Principem
1125 3011 1181 3052 no.

215 3090 286 3131 men
306 3088 405 3131 meum
426 3067 635 3149 perstringere,
658 3066 786 3146 ignobile
809 3087 844 3127 ue
865 3066 979 3127 reddere
999 3070 1148 3129 attentasse
1169 3112 1180 3129 .

216 3149 299 3227 Quid
335 3150 414 3210 enim
444 3146 642 3209 mediusfidius
673 3145 753 3206 aliud
781 3165 797 3205 e
840 3144 957 3206 barbare
986 3145 1095 3229 loqui,
1124 3147 1179 3209 nist

216 3229 323 3304 crasse,
343 3228 516 3309 depravate,
532 3224 656 3306 frigide,
677 3225 791 3306 inepte,
811 3223 939 3298 sordide,
963 3225 993 3286 δι
1007 3227 1181 3292 contraibo.

216 3309 300 3371 mani
323 3309 432 3390 eloquii
453 3306 628 3387 elegantiam
644 3305 752 3395 loqui,
782 3325 814 3365 ac
835 3301 979 3365 scribere?
1000 3325 1060 3397 quo
1073 3307 1182 3377 eonvi-

217 3389 262 3451 tio
285 3387 400 3449 homini
421 3387 530 3467 semper
560 3386 590 3446 in
614 3386 703 3446 literis
723 3384 836 3446 versato
856 3383 932 3445 nihil
951 3404 1045 3457 maius
1060 3383 1072 3463 ,¹
1090 3386 1182 3448 nihil·

242 3489 278 3531 ue
298 3465 492 3529 detestabilius
513 3466 640 3547 impingi
663 3463 738 3545 posse
758 3463 905 3525 arbitror.
928 3464 1060 3534 Pluribu's
1081 3466 1183 3549 itaque

217 3488 285 3610 {iiis
306 3545 406 3608 caussis
435 3566 453 3606 a
475 3566 521 3607 me
542 3542 803 3607 commemorandis
833 3542 941 3605 efficere
961 3541 1118 3622 conabor,
1146 3561 1182 3607 ut

216 3627 340 3701 Letior,
361 3625 492 3708 quisquis
514 3624 626 3699 suerit,
647 3621 736 3704 probe
758 3622 932 3704 intelligat,
992 3625 1106 3685 ehunc
1127 3624 1183 3685 Vi·

218 3728 286 3768 rum
308 3725 471 3787 numquam
492 3704 606 3779 laefilse,
637 3724 689 3765 nec
709 3700 813 3764 laedere
833 3703 899 3785 cogi
954 3704 1114 3777 e.Quare
1134 3717 1186 3765 ne·‘
1219 3782 1221 3784 Ι

215 3787 275 3851 scio
305 3806 366 3867 quo
393 3784 497 3925 {piritu
525 3782 664 3867 impulsus
694 3783 726 3848 in
742 3794 974 3926 nomepfneum
1003 3796 1064 3846 tam
1089 3782 1182 3926 idmpie

293 3870 325 3926 Τ
324 3887 375 3925 orn.
426 3868 448 3924 l.
714 3878 716 3881 ’
784 3875 787 3880 ’
1112 3882 1141 3926 ε·
