3034 4559
419 443 458 509 28
577 441 655 510 DE
692 437 1127 505 IMITAT'IONE

375 544 458 606 cepta
476 521 622 599 dis'cellit,
651 524 682 585 δι
711 544 745 585 ea
773 523 841 604 ipso
861 522 977 584 cultiori
994 521 1051 583 ‘illo
1072 519 1187 583 dicendi
1208 531 1328 599 generet

373 605 453 688 quod
474 606 566 686 magis
583 603 735 685 probatur,
755 602 883 664 elocutus
904 602 958 664 est.
982 601 1028 663 Ad
1044 602 1097 662 hos
1117 599 1265 662 Palladius
1280 618 1328 660 ac-

371 683 466 759 cell‘rt,
486 706 546 746 non
569 699 647 746 totus
669 684 716 744 hic
737 683 855 765 quidem
876 680 989 743 fortasse
1005 679 1258 754 contemnendus,
1276 676 1328 762 qui

371 785 433 826 non
453 764 546 826 solum
566 780 696 825 veterum
719 763 852 823 instituta
872 782 932 823 non
954 760 1099 841 neglexit,
1120 758 1166 821 sed
1187 757 1270 823 suam
1287 773 1330 820 eta

371 843 432 907 iam
455 844 602 925 quandam
623 841 804 923 praecipiendi
824 842 904 903 viatn
924 840 1075 903 adinvenit
1103 859 1214 904 novam
1237 859 1246 911 3
1274 835 1327 920 qui

371 922 490 1002 fingulis
511 922 662 1002 separatim
683 921 822 983 mensibus
843 921 926 984 suum
949 918 1085 1002 quodque
1102 918 1242 981 lludium
1260 935 1328 980 con·

370 1001 488 1077 stituit,
508 1023 541 1062 ac
561 1019 640 1063 cetto
662 1022 778 1084 quoque
801 1018 928 1083 tempore
948 999 1019 1082 quid
1040 997 1205 1061 faciendum
1224 1041 1234 1073 ,
1255 993 1325 1080 quid

370 1099 449 1154 non,
470 1080 629 1160 planilltme
649 1082 874 1152 demonstravit3
894 1081 924 1142 in
947 1099 1007 1162 quo
1028 1099 1089 1145 tem
1111 1078 1246 1142 rusticam
1266 1097 1326 1149 nou

370 1175 432 1220 tam
454 1159 587 1235 edocere,
606 1182 695 1244 quam
716 1162 804 1222 etiam
827 1180 998 1240 componete
1019 1158 1060 1219 est
1079 1156 1173 1220 visua.
1194 1157 1324 1242 Vereor,

370 1259 407 1299 ne
427 1260 525 1302 meum
545 1240 686 1310 judicium
705 1242 737 1303 in
757 1238 943 1302 certiffimum
980 1238 1118 1302 ericulum
1137 1236 1326 1309 adduxerimr

369 1319 422 1409 qui
443 1335 505 1381 tam
527 1318 614 1381 libere
636 1320 671 1381 de
691 1318 925 1401 praellantillimis
952 1260 1050 1393 diris,
1070 1315 1141 1399 quid
1162 1338 1223 1397 ego
1240 1313 1328 1380 sense·

368 1419 443 1473 tim,
465 1400 583 1479 posteris
603 1401 694 1462 etiam
714 1400 852 1481 scriptum
874 1399 948 1461 rolin
970 1418 1035 1459 uere
1057 1396 1109 1459 lim
1132 1396 1216 1464 ausus
1233 1440 1241 1456 .
1260 1395 1330 1458 Hoc·

367 1478 447 1540 enim
469 1479 520 1560 qui
541 1478 631 1555 facit,
652 1499 712 1541 non
733 1496 795 1541 tarn
816 1479 931 1541 videtur
949 1419 987 1539 de
1003 1477 1126 1539 aliorum
1147 1476 1263 1558 scriptis
1280 1474 1322 1546 ju·

366 1558 478 1619 dicium
498 1556 606 1634 facere,
626 1579 716 1640 quarn
737 1559 788 1620 sua
808 1558 866 1640 ipse
887 1559 1007 1639 scripta,
1029 1556 1065 1618 de
1085 1555 1191 1638 quibus
1212 1554 1266 1617 alii
1281 1554 1324 1626 ju·

366 1638 482 1711 dicent,
502 1638 534 1698 in
554 1637 683 1700 medium
707 1637 845 1717 proferre.
868 1637 922 1698 Sed
944 1640 975 1699 in
997 1636 1052 1699 hoc
1072 1656 1188 1718 quoque
1210 1634 1325 1698 Cicero·

365 1736 453 1791 nem,
471 1736 559 1798 quem
581 1715 755 1791 imitemur,
776 1714 1032 1797 locupletissimum
1054 1714 1193 1780 habemus
1214 1713 1326 1776 Audio-

365 1814 446 1868 tem‚
488 1797 518 1856 ui
539 1794 617 1856 idem
638 1795 848 1876 praeclariffimc
866 1794 936 1858 fecit
956 1797 987 1858 in
1009 1816 1044 1857 eo
1064 1796 1156 1870 libro,
1177 1793 1231 1877 qui
1253 1793 1325 1856 Bru·

366 1890 413 1936 tus
433 1816 618 1935 inleribitur.
649 1877 747 1956 Atque
768 1874 843 1936 haud
866 1874 952 1950 scio,
981 1896 1019 1937 an
1041 1876 1096 1936 hoc
1116 1895 1236 1958 quoque
1257 1891 1326 1935 meo

363 1954 493 2035 periculo
513 1953 659 2027 studiosis,
680 1955 758 2037 quod
780 1974 871 2015 unum
894 1954 1029 2029 attendo,
1051 1954 1206 2037 studeoque
1233 1951 1325 2016 maxi·

362 2054 430 2107 me,
449 2033 562 2116 aliquid
615 2031 748 2096 olecerim
770 2034 893 2096 omnino
914 2054 922 2104 3
951 2051 983 2096 ut
1004 2036 1065 2115 post
1087 2034 1140 2096 hoc
1162 2054 1263 2098 meum
1281 2032 1326 2104 iu·

361 2113 472 2175 dicium
492 2133 552 2175 non
594 2111 687 2187 estut,
715 2115 768 2195 qui
789 2113 871 2175 suurn
892 2133 1034 2195 quoque,
1063 2112 1176 2176 fortass'e
1197 2114 1321 2188 maius,

360 2196 549 2273 interponant
565 2211 575 2263 3
595 2194 726 2274 acquod
747 2214 766 2254 a
787 2213 835 2253 me
858 2192 970 2256 studiofi
990 2192 1094 2255 habere
1114 2194 1322 2276 nequiverint,

361 2272 392 2335 id
414 2292 479 2333 mea
498 2271 597 2334 saltem
620 2273 713 2335 caulla
732 2272 769 2334 ab
789 2272 853 2334 aliis
873 2272 927 2333 sint
948 2272 1117 2333 consecuti.
1146 2274 1248 2336 Redeo
1268 2270 1322 2354 igi·

360 2370 409 2415 tur
428 2351 465 2414 ad
485 2351 674 2428 institutum,
703 2374 736 2415 ac
757 2353 793 2415 ad
815 2372 890 2428 eos,
918 2351 969 2434 qui
995 2351 1187 2443 interpretem
1208 2368 1320 2435 agunt,

359 2433 471 2514 quique
490 2433 584 2513 magis
605 2433 636 2493 in
658 2432 753 2495 alieno
775 2432 867 2494 studio
897 2430 980 2495 suum
1010 2431 1134 2494 {ludium
1163 2449 1317 2504 exercent,

360 2532 450 2594 quam
471 2511 583 2592 aliquid
604 2510 664 2581 ejus
687 2512 814 2603 generis,
857 2512 914 2572 uod
932 2512 982 2572 alii
1004 2511 1249 2602 interpretentur,
1268 2509 1318 2593 ipli

360 2589 556 2653 conscribant.
576 2591 606 2651 Si
628 2592 702 2651 mihi
726 2591 815 2671 igitur
836 2532 979 2670 interpres
1000 2590 1034 2655 lit
1055 2590 1093 2651 alr
1116 2592 1213 2655 uando
1234 2611 1320 2674 agen·

360 2671 432 2745 dus,
452 2670 528 2731 nihil
548 2670 622 2731 mihi
645 2687 696 2732 aut
716 2669 826 2731 Donati
843 2669 1013 2749 prudentia,
1035 2687 1085 2737 aut
1125 2673 1199 2734 eruii
1216 2672 1319 2733 Honor

361 2750 417 2810 rati
446 2749 597 2830 diligentia
616 2748 629 2829 [
649 2766 682 2811 ut
702 2748 828 2831 reliquos
849 2748 997 2811 minorum
1019 2751 1153 2831 gentium
1175 2751 1318 2842 lntetpte*

360 2846 402 2890 res
423 2831 561 2890 omittam
580 2826 769 2967 Lquicquam
790 2826 949 2903 obstiterit,
969 2849 1029 2910 quo
1046 2832 1142 2892 minus
1160 2832 1317 2894 Ascontum

360 2909 520 2969 Pedianum
543 2909 583 2968 mi
606 2909 615 2967 i
636 2908 781 2988 deligam,
805 2907 884 2976 cujus
905 2908 941 2967 ad
963 2911 1106 2972 tationem
1128 2911 1316 2992 interpretan-

356 2988 388 3048 di
409 3004 505 3049 totum
527 3007 573 3049 me
593 2986 764 3061 conferam,
793 3004 880 3067 arque
901 2986 1083 3070 adjungam,
1111 2990 1191 3073 quod
1213 3013 1231 3053 a
1251 3009 1315 3052 meo

357 3068 497 3129 Manutio
518 3068 550 3128 in
570 3066 695 3149 epistolis
727 3068 762 3127 ad
792 3067 925 3128 Atticum
948 3068 1123 3149 exponendis
1144 3069 1232 3133 video
1254 3068 1313 3133 lieri

357 3146 424 3207 sane
442 3167 531 3285 ‹puam
553 3148 706 3227 praeclare.
737 3149 838 3227 Agant
858 3148 908 3211 alii
929 3167 978 3229 per
1004 3169 1074 3223 me,
1103 3149 1184 3232 quod
1216 3150 1313 3219 lubere

357 3245 418 3285 non
459 3246 475 3285 e
502 3226 529 3287 se
558 3229 729 3303 ostentente
757 3248 816 3287 non
839 3226 925 3288 abre
948 3226 1103 3300 aberrent3
1133 3249 1193 3291 non
1213 3231 1313 3294 omnia

356 3302 548 3375 conturbent;
570 3326 629 3366 non
651 3308 739 3367 eriam
762 3326 910 3387 perperam
932 3307 1031 3387 sapius
1050 3307 1203 3389 exponant
1224 3332 1233 3382 ς
1268 3308 1312 3372 ui·

355 3382 444 3442 deant
464 3383 626 3458 interdum,
647 3387 716 3465 quid
737 3386 852 3458 dicant3
875 3385 997 3448 hievero
1020 3408 1101 3448 meus
1122 3389 1166 3450 ita
1185 3387 1262 3452 telle
1281 3409 1312 3451 o·

358 3461 441 3521 mnia
454 3462 635 3601 pertradiat,
655 3466 753 3545 iraque
774 3466 862 3546 plane
878 3464 980 3538 docet,
1003 3485 1035 3528 ut
1055 3487 1148 3549 neque
1168 3469 1200 3532 in
1222 3490 1252 3532 re
1272 3467 1315 3531 fa«

353 3542 403 3619 cili
424 3537 453 3601 la
476 3540 568 3601 idium
589 3558 681 3612 creet3
701 3566 793 3627 neque
815 3545 846 3606 in
867 3543 979 3605 difficili
1001 3567 1060 3609 non
1077 3545 1216 3612 facillime
1231 3549 1316 3612 satie·

352 3619 456 3683 faciat:
477 3620 550 3704 quin
573 3621 601 3682 id
624 3637 778 3705 utrumque
793 3645 827 3685 ea
843 3624 973 3700 oratione
989 3626 1184 3708 persequitur,
1206 3646 1240 3691 ut
1255 3628 1307 3691 vix

351 3702 420 3761 scias
443 3701 614 3776 interdum,
643 3722 681 3762 an
702 3704 725 3763 is
748 3704 825 3776 scit,
853 3724 890 3763 an
920 3702 1049 3779 Cicero,
1078 3710 1130 3788 qui
1151 3708 1303 3790 loquatur.

351 3780 454 3844 Unum
475 3782 508 3843 in
528 3803 563 3848 eo
585 3798 699 3848 tantum
720 3782 866 3849 desiderari
889 3786 1005 3873 potest,
1029 3803 1061 3864 ut
1082 3788 1241 3872 aliquando
1262 3787 1306 3858 io*
