3034 4559
511 449 1003 512 EPISTOLA.
1162 474 1217 533 231

296 545 491 609 provocatum
519 527 600 590 suilie
622 528 777 603 scriberes,
806 529 853 590 sed
882 527 954 591 falso
975 531 1109 613 quidem.
1139 534 1195 595 Dic
1218 556 1262 596 ro·

297 628 336 687 go
360 631 368 680 ;
397 630 526 699 quonam
548 606 661 690 paiio?
691 608 797 690 quibus
825 610 941 672 verbis?
971 633 1030 693 qno
1050 610 1135 675 loco?
1157 616 1261 696 quibus

293 690 433 752 convitiis
456 706 483 750 te
503 687 683 770 provocavi?
704 690 816 769 Scripta
838 706 936 752 autem
957 709 1008 755 tue
1029 694 1161 773 impressa
1180 713 1209 756 te
1226 718 1260 760 ec
1317 708 1318 711 ’

291 764 383 829 iecill'e
402 786 582 849 coarguunt.
605 768 691 829 Nihil
714 769 789 830 mihi
809 770 971 833 condonare
1003 791 1111 853 poree,
1137 771 1174 835 ⁴ut
1196 776 1261 837 scri-

293 845 364 922 bis,
394 869 462 910 cum
483 850 514 909 in
543 869 649 909 nomen
678 866 762 909 tuum
791 869 952 931 numquam
983 852 1114 914 inretius
1137 854 1259 915 fuerim.

292 925 405 1003 Erras,
426 929 529 989 Frater
547 927 730 1003 doiliffime,
752 928 772 988 sr
792 930 908 1009 privato
928 931 1122 1015 chirographo
1143 950 1196 997 tuo
1212 936 1260 997 de.

291 1006 377 1068 decus
407 1010 438 1070 in
460 1029 507 1069 me
529 1009 641 1090 publice
664 1009 781 1069 illatum
803 1024 854 1070 aut
875 1012 1055 1088 contexisse,
1086 1031 1137 1075 aut
1159 1036 1257 1076 emen·

290 1086 367 1147 dasle
390 1090 553 1151 existimas.
584 1089 685 1169 Inquit
706 1089 785 1149 enim
809 1090 979 1169 Apostolus.
1009 1095 1153 1153 Peccantes
1169 1117 1257 1156 coram

287 1164 413 1226 omnibus
440 1191 548 1249 argue,
573 1187 606 1227 ut
624 1169 711 1229 caeteri
729 1170 851 1228 timorem
871 1165 1014 1246 babeant,
1043 1173 1122 1255 quod
1153 1178 1256 1253 Augu·

285 1244 376 1309 stinus
398 1248 618 1328 interpretetur.
651 1249 683 1307 Si
701 1264 842 1328 peccatum
858 1246 1005 1329 publicum
1020 1253 1132 1330 fuerit,
1164 1255 1256 1314 nubli-

283 1336 312 1385 c'e
330 1345 339 1396 ;
355 1325 459 1398 ſsvero
479 1329 637 1401 occultum,
659 1329 761 1388 occulte
781 1328 817 1403 esi
836 1331 1019 1407 arguendum.
1042 1333 1112 1391 Non
1134 1333 1173 1392 est
1193 1335 1254 1401 haec

283 1403 396 1466 Christi
420 1405 626 1487 Philosophia?
650 1406 856 1489 Resipiscentia
876 1428 945 1469 vera
964 1429 1037 1490 opus
1060 1411 1117 1485 est,
1141 1434 1199 1472 non
1215 1414 1254 1472 ir-

285 1483 404 1546 risione.
426 1489 488 1545 Non
503 1487 607 1567 prodest
626 1487 789 1565 cuiquama
810 1491 870 1548 Deo
885 1505 975 1568 petere
992 1491 1103 1550 veniam
1115 1488 1252 1571 ‚[inquit

283 1562 354 1626 Pius
375 1566 511 1626 Summus
533 1564 702 1648 Pontifex]
730 1568 761 1627 ni
782 1588 858 1627 ment
877 1566 913 1627 ab
933 1570 1079 1647 iniquitate
1098 1589 1252 1631 revocetur.

281 1645 360 1715 Nam
381 1646 431 1723 qui
451 1645 601 1705 lateritium
621 1646 736 1707 nudum
757 1647 866 1723 tavae,
895 1666 996 1728 quanto
1017 1646 1104 1729 magis
1124 1672 1185 1712 enm
1204 1649 1253 1709 ab·

280 1722 365 1799 licit,
386 1742 462 1784 tanto
482 1726 574 1805 magis
591 1726 686 1785 lutum
704 1728 792 1805 facit.

321 1802 409 1864 Falso
431 1804 521 1885 igitur
540 1804 638 1867 scribis
658 1851 668 1881 ,
696 1824 777 1868 tuam
800 1807 921 1868 caussam
944 1806 996 1870 esse
1018 1829 1083 1869 mea
1103 1808 1246 1871 honestio-

280 1901 344 1943 rem
363 1904 372 1954 3
392 1904 444 1945 nec
466 1884 625 1966 intelligo,
646 1901 675 1946 te
696 1887 727 1946 in
747 1886 804 1947 fide
819 1887 928 1947 Christi
950 1887 1123 1969 superiorem
1145 1909 1192 1949 me
1208 1889 1248 1950 es-

281 1963 309 2023 se
339 1963 430 2025 velle.
458 1967 543 2027 Num
571 1964 659 2025 iidem
690 1967 968 2048 meam'agnoscis,
998 1990 1061 2049 quae
1082 1968 1134 2029 soli
1156 1971 1246 2041 Deo,

274 2042 332 2183 pui
356 2042 495 2105 scrutator
516 2044 555 2105 esl
575 2045 707 2108 cordium
728 2091 738 2121 ,
766 2050 885 2127 cognita
906 2046 963 2108 esti
986 2051 1094 2107 Nonne
1115 2048 1184 2109 fides
1207 2052 1247 2110 est

300 2144 391 2184 onum
412 2123 485 2185 Dei?
517 2123 632 2188 Idcirco
661 2124 796 2207 Apostoli
816 2125 964 2189 Christum
993 2126 1244 2205 deprecabantur,

278 2218 312 2263 ut
334 2222 437 2265 eorum
458 2203 544 2265 fidem
569 2221 703 2283 augeret.
1084 2240 1088 2253 κ

319 2283 459 2359 Fateris,
487 2299 517 2344 te
537 2283 708 2346 inimicitias
735 2304 852 2346 mecum
880 2284 1005 2363 gessisse.
1036 2284 1103 2370 Ego
1124 2299 1193 2346 vero
1215 2302 1244 2346 te

278 2361 389 2444 semper
404 2364 529 2439 amavi,
548 2380 638 2447 atque
658 2384 752 2439 amo,
782 2385 834 2425 nec
856 2364 1019 2443 intelligo,
1039 2365 1108 2446 qnid
1128 2364 1177 2424 fibi
1195 2383 1245 2425 ve-

276 2441 333 2503 lint
352 2441 403 2505 illa
418 2444 523 2507 verba.
545 2446 689 2585 {ioniam
710 2443 834 2519 Christus
854 2445 894 2502 ita
910 2443 999 2520 jubet.
1021 2443 1127 2506 Nescio
1145 2466 1181 2505 an
1200 2444 1245 2506 in·

277 2521 420 2604 telligas;
448 2525 468 2585 fi
489 2525 561 2585 Chri
587 2545 619 2586 us
642 2546 702 2585 non
725 2523 860 2598 juberet,
891 2525 1156 2587 reconciliationem
1179 2544 1240 2587 non

274 2602 406 2683 peteres?
427 2604 535 2666 Nescio
554 2604 646 2667 etiam
667 2624 735 2666 cum
757 2603 846 2666 dicis:
868 2604 1002 2683 quicquid
1021 2628 1039 2663 a
1059 2626 1101 2663 me
1116 2603 1244 2678 extorstsli

275 2685 305 2741 ir'r
320 2701 364 2758 te,
380 2684 513 2765 atquein
533 2703 613 2745 tuum
633 2708 745 2759 nomen,
761 2707 794 2743 ne
807 2682 916 2763 posthac
931 2684 1088 2745 recorderis.
1109 2684 1140 2744 Si
1158 2702 1244 2745 num»

273 2777 365 2843 quam
388 2781 417 2826 te
438 2763 512 2839 laesr,
541 2787 594 2827 nec
615 2765 717 2826 laedere
738 2764 893 2845 cogitavi,
913 2764 985 2846 quid
1012 2763 1087 2825 mihi
1109 2765 1242 2835 viscon-

274 2844 401 2905 donare?
430 2844 500 2925 quid
522 2845 571 2906 abs
595 2862 622 2907 te
642 2843 764 2907 extorsi?
793 2842 904 2907 nescio.
935 2846 1008 2905 Tuae
1029 2845 1127 2936 itaque
1147 2860 1241 2923 portes

274 2944 347 3005 erga
376 2943 452 3000 me,
481 2943 544 3006 quae
574 2924 653 3000 sint,
681 2926 800 2999 etiam,
829 2944 876 2984 me
914 2941 1052 3000 tacente,
1082 2925 1239 3005 intelligis.

273 3007 359 3067 Nam
386 3005 469 3083 juxta
503 3004 655 3081 mensuram
682 3002 778 3063 delicti
802 3047 811 3075 ,
847 3003 898 3082 effe
919 3003 1000 3062 debet
1029 3005 1067 3068 <9⁶
1092 3002 1239 3083 plagarum

273 3085 399 3159 modus,
423 3098 455 3144 ut
478 3082 567 3144 Sacrae
591 3084 709 3143 tradunt
730 3084 849 3142 Literae.
873 3082 903 3141 Si
925 3082 961 3141 src
982 3082 1102 3156 faceres,
1119 3083 1239 3145 ut‘Fre-

274 3180 353 3227 trem
384 3179 413 3225 te
441 3163 639 3224 Christianum
654 3162 844 3238 diligerem,
875 3178 961 3239 prout
992 3160 1101 3241 semper
1130 3160 1236 3222 dilexi.

273 3245 391 3306 futura
410 3264 536 3327 nemque
555 3242 616 3303 dics
638 3241 773 3303 omnibus
793 3240 959 3316 indicabit,
980 3240 1000 3301 st
1019 3238 1104 3303 fueris
1125 3239 1237 3315 irrisor,

268 3340 314 3389 an
334 3323 515 3405 resipiscens.

313 3402 370 3467 Sed
392 3406 533 3545 puoniam
554 3402 698 3465 nonnulla
717 3398 848 3482 respondi
871 3400 907 3461 ad
929 3397 1091 3491 Epillolam
1111 3398 1147 3461 ad
1164 3399 1238 3461 Her·

271 3481 370 3549 culem
422 3485 563 3560 testium,
585 3504 619 3544 ea
639 3500 870 3545 commemorare
889 3480 1028 3556 decrevi,
1049 3498 1083 3542 ut
1104 3479 1237 3542 animum

270 3583 343 3648 erge
359 3581 393 3627 'te
412 3584 510 3625 meum
532 3584 631 3625 omnes
653 3561 736 3645 probi
752 3559 926 3641 agnoscant.
945 3560 1048 3641 Scripfi
1065 3581 1073 3620 :
1093 3582 1146 3620 non
1166 3558 1238 3620 mihi
1290 3561 1293 3566 ⁴

269 3647 341 3706 vitio
363 3662 487 3705 vertatur
501 3645 589 3705 velim
605 3688 614 3719 ,
624 3641 654 3717 fi
665 3644 696 3703 in
716 3641 838 3702 literaria
853 3640 975 3720 palestra
994 3638 1029 3699 ab
1046 3637 1110 3701 hoco
1129 3641 1191 3701 Viro
1211 3660 1238 3697 e-

269 3726 432 3803 rirditiffimo
451 3724 621 3804 diffentiam.
641 3722 776 3783 Tradunt
795 3720 869 3779 enim
877 3720 1075 3800 Sapientiores,
1093 3717 1238 3778 veritatem

268 3805 419 3867 multorum
436 3804 546 3885 gladiis
557 3805 617 3885 peti
631 3804 731 3886 poffe,
752 3819 795 3941 ap)
802 3800 927 3879 jugulati
942 3799 1071 3862 minime.
1090 3795 1236 3861 Subdens:

835 3900 856 3958 4
1130 3899 1194 3940 ten-
